3010 4966
232 349 271 416 84
429 381 433 390 .
639 337 935 411 ἨΕΒΟΙΙΟΤΙ

232 531 289 617 μοὶ
312 529 349 598 δὲ
368 527 605 614 νηυσιπέρητοι
625 524 775 613 τέσσερες
798 521 994 614 διὰταύτης
1018 525 1149 614 ρίοοσι,
1182 521 1259 606 τοὺς
1281 529 1376 596 πᾶσα

234 629 362 720 ἀνάγκη
379 631 648 716 διαπορθμεῦσαι
663 630 750 714 ἐστὶ,
770 632 898 718 πρῶτος
912 628 973 716 μὲν
992 635 1122 716 Τίγρις,
1144 626 1225 716 μετὰ
1241 629 1277 698 δὲ
1293 632 1374 698 δεύ-

235 735 329 826 τερός
343 760 378 802 τε
392 735 448 802 καὶ
462 740 569 822 τρίτος
583 725 687 810 ὡυτὸς
701 729 978 821 οὐνομαζόμενος,
993 728 1055 801 οὐκ
1069 727 1173 812 ὡυτὸς
1188 729 1253 801 ἐῶν
1267 760 1373 803 ποτα-

235 936 375 994 videatur,
393 931 545 982 Armeniam
559 928 717 995 ampliorem
732 928 778 979 hic
829 932 928 983 stituit.
963 931 1060 982 Adhuc
1077 933 1148 984 idern
1166 933 1250 985 fluvio
1272 950 1374 985 nomeu

237 1006 320 1067 sumi,
345 1018 415 1068 quae
431 1017 536 1052 omnem
552 999 778 1064 Mesopotamiam
829 1001 872 1051 vel
893 1002 975 1052 etiam
1000 1017 1096 1052 nomeu
1117 1003 1220 1068 Dipelat
1239 1019 1260 1052 a.
1282 1007 1375 1069 Diglit,

236 1071 475 1139 septentrionalem
487 1070 707 1134 comprehendet,
721 1075 778 1118 sta·
830 1071 902 1136 quod
928 1071 1015 1136 ipsum
1041 1073 1193 1137 antiquitus
1219 1074 1272 1122 iam
1301 1075 1376 1124 chti-

237 1147 291 1194 tuit
307 1145 423 1194 Heereu.
448 1141 466 1192 l.
491 1141 507 1190 l.
529 1142 648 1204 itemque
665 1137 777 1188 Reunel.
828 1141 936 1202 nuisse,
959 1141 1076 1191 ePlinio
1093 1143 1166 1196 Hist.
1186 1144 1250 1192 Nat.
1265 1143 1320 1207 Vl,
1337 1144 1369 1194 :lt

237 1207 778 1278 l.l.,idqueetiamstatneudumeritvel
830 1209 886 1274 (27)
908 1209 1086 1276 intelligitur;
1119 1214 1153 1262 ad
1180 1229 1259 1278 quem
1281 1212 1374 1262 locum

236 1283 318 1333 nullis
335 1282 452 1333 testibus
468 1279 597 1345 prolatis,
618 1279 715 1342 quibus
729 1281 778 1326 Ar·
827 1281 986 1344 interpretis
999 1281 1072 1331 Galli
1090 1282 1374 1333 videaturanuotatio

237 1354 326 1403 menia
343 1355 383 1402 ite
406 1351 468 1400 olim
486 1355 600 1399 extensa
616 1348 702 1398 tuisse
721 1363 776 1396 me·
828 1348 873 1414 (T.
887 1350 919 1400 V.
929 1366 955 1414 p.
965 1349 1015 1401 38³
1027 1351 1068 1400 ed.
1080 1351 1267 1416 Panckouek.)
1283 1353 1315 1402 de
1325 1368 1376 1402 no-

237 1423 332 1472 ridiem
349 1435 445 1472 versus
463 1419 606 1484 probetur,
632 1418 656 1466 si
675 1417 777 1482 regiam
828 1418 945 1470 minibus
960 1420 1045 1471 variis
1060 1422 1215 1486 antiquiore
1231 1437 1263 1472 ac
1279 1437 1374 1472 recen-

237 1493 308 1542 viam
323 1491 385 1540 iude
399 1505 415 1538 a
428 1487 521 1538 Melite
540 1491 624 1550 etque
639 1487 777 1551 Euphrate
827 1490 897 1538 tiore
916 1493 1007 1540 aetate
1025 1489 1088 1540 huie
1101 1491 1184 1541 fluvio
1201 1491 1311 1542 tributis
1328 1509 1375 1542 eo·

237 1559 376 1610 meridiem
389 1573 483 1608 versus
494 1556 529 1606 ad
541 1555 648 1606 Nisibin
663 1556 778 1621 indeque
827 1574 939 1623 rumque
957 1563 985 1608 ct
999 1561 1106 1610 ratione
1118 1565 1145 1610 at
1162 1561 1374 1626 significatione.

236 1629 350 1678 ulterius
367 1627 475 1676 ductam
496 1639 556 1676 esec
575 1630 712 1689 putemus,
731 1641 779 1690 per
828 1628 944 1693 Reliqua
959 1633 1078 1680 veterum
1095 1632 1253 1681 testimonia
1270 1631 1303 1680 de
1320 1631 1374 1681 hoc

237 1699 298 1748 loca
312 1697 420 1746 deserta
436 1700 519 1760 atque
531 1693 649 1743 inculta:
668 1694 696 1744 id
707 1695 779 1759 quod
829 1699 911 1748 fluvio
925 1698 1037 1763 praebet
1049 1699 1193 1766 Forbiger:
1219 1701 1330 1752 Handb.
1344 1702 1373 1752 d.

237 1769 272 1818 ab
285 1764 417 1816 Herodoti
434 1765 524 1816 verbis
544 1763 671 1814 abhorret
689 1763 780 1815 dicen·
830 1767 878 1817 alt.
889 1767 1041 1834 Geograph.
1055 1769 1092 1819 ΙΙ.
1110 1786 1134 1833 ρ.
1150 1771 1254 1835 etseq.

237 1841 288 1900 tis,
302 1829 350 1884 διὰ
367 1829 531 1898 οἰκεομένης
543 1840 627 1898 atque
639 1824 779 1895 ἀσφαλέος
864 1830 933 1900 μετὰ
948 1831 979 1886 δὲ
992 1830 1123 1903 δεύτερός
1135 1853 1164 1888 τε
1177 1834 1225 1888 aul
1238 1838 1333 1904 τρίτος
1345 1855 1372 1893 ιι,

237 1909 308 1959 vium
319 1905 391 1955 hanc
401 1904 489 1968 dirigi.
510 1903 602 1965 Quare
615 1901 778 1954 malimcum
829 1919 853 1953 τ.
871 1904 905 1972 h]
927 1907 1004 1969 Quae
1024 1907 1064 1957 eic
1083 1909 1147 1958 olim
1168 1909 1257 1974 accipi
1278 1909 1375 1960 volue-

237 1979 368 2041 Kieperto
387 1973 405 2023 l.
423 1973 441 2024 l.
457 1989 483 2038 p.
507 1973 552 2024 131
566 1987 643 2038 seqq.
663 1975 704 2024 eie
721 1979 777 2023 eta-
828 1983 906 2038 runt,
929 1981 960 2026 ut
976 1979 1099 2026 recaredus
1118 1984 1145 2029 et
1166 1983 1254 2030 tertiae
1272 1980 1373 2029 fluvius

238 2051 327 2096 tuere:
357 2047 429 2095 viam
453 2043 556 2108 regiam
575 2044 639 2093 iude
662 2043 697 2093 ab
724 2043 779 2093 Eu·
828 2045 901 2097 idem
925 2051 1008 2110 atque
1025 2051 1120 2110 prirrrua
1138 2049 1251 2098 tulerint
1274 2064 1373 2098 nomen

173 2103 176 2110 ’
237 2117 335 2182 phrate
354 2128 386 2163 eo
405 2127 458 2178 quo
477 2113 595 2163 diximus
617 2111 677 2162 loco
697 2127 778 2177 super
828 2114 945 2180 indeque
961 2131 1051 2166 omnes
1074 2121 1130 2168 tres
1150 2133 1204 2168 uuo
1223 2118 1374 2182 eodemque

238 2185 357 2250 Tigridis
366 2183 451 2248 ripam
462 2182 620 2233 orientalem
630 2198 677 2247 per
686 2182 778 2232 Arme·
829 2185 948 2250 Tigridis
972 2187 1080 2238 nomine
1102 2187 1234 2252 appellati
1254 2188 1373 2248 tuerint,

237 2257 300 2305 niae
313 2257 418 2303 tractus
429 2251 536 2302 ductam
550 2251 636 2302 luisse
648 2267 734 2316 usque
744 2251 779 2302 ad
829 2255 870 2304 ita
884 2261 914 2304 ut
926 2255 953 2303 in
965 2271 1040 2320 seqq.
1052 2257 1134 2306 verba
1145 2248 1160 2305 ὁ
1173 2251 1224 2321 μὲν
1237 2249 1288 2322 γὰρ
1301 2253 1374 2322 πρί-

238 2340 298 2376 eum
318 2324 421 2386 locum,
440 2336 493 2387 quo
512 2321 565 2372 duo
583 2322 704 2386 Tigridis
718 2322 778 2370 bra·
828 2337 909 2386 τερος
929 2317 1023 2372 αὐτῶν
1049 2327 1083 2376 ad
1103 2329 1214 2390 primum
1238 2327 1374 2406 referrent

238 2393 300 2446 chia
318 2393 464 2444 accedente
475 2391 596 2442 Centrite
615 2391 697 2440 thrvio
711 2389 779 2454 (vid.
830 2395 935 2460 Tigrin,
950 2384 965 2442 ὁ
979 2389 1009 2442 δ’
1023 2385 1143 2460 ὕστερον
1156 2395 1239 2462 (quod
1252 2399 1281 2446 iu
1294 2389 1329 2445 oi
1341 2395 1360 2444 δ

236 2463 359 2528 Xenoph.
374 2463 461 2512 Anah.
473 2463 518 2524 tv,
530 2461 556 2523 3,
571 2461 582 2510 l
595 2461 687 2524 ibique
697 2462 779 2510 inter·
829 2453 948 2526 ὕστερον
966 2465 1139 2528 mutandum,
1161 2467 1293 2532 probante
1305 2483 1372 2531 quo-

237 2531 332 2600 prett.)
354 2533 554 2596 coniunguntur
575 2545 609 2579 ac
627 2529 694 2577 fines
716 2533 779 2579 sunt
831 2547 883 2595 que
899 2535 1042 2583 Mannerto
1059 2535 1156 2599 Geogr.
1170 2537 1207 2600 V,
1224 2539 1248 2586 2.
1268 2553 1295 2602 p.
1309 2537 1372 2598 206,

238 2602 453 2654 Oarduchorum:
477 2599 629 2649 lrancenim
644 2599 706 2648 viae
721 2597 778 2647 lou·
829 2603 876 2649 ubi
895 2601 962 2666 vid.)
979 2604 1013 2653 ad
1037 2605 1185 2655 secundum
1207 2621 1239 2656 ac
1260 2607 1372 2656 tertium

236 2671 387 2737 gitudinem
413 2669 515 2718 additis
533 2666 693 2732 ambagibus
715 2682 779 2716 con·
830 2670 932 2734 Tigrin.
961 2672 1178 2739 Haudquaquam
1192 2676 1283 2727 recte.'
1299 2677 1372 2726 Nam

237 2741 331 2789 venire
352 2738 397 2787 ille
415 2741 494 2800 putet
512 2751 572 2785 cum
591 2751 623 2785 ea
641 2751 777 2798 mensura,
829 2745 961 2804 quattuor
972 2742 1046 2807 iique
1057 2743 1137 2808 plane
1149 2745 1248 2794 diversi
1263 2745 1373 2796 hicme·

238 2823 318 2871 quam
332 2806 466 2854 indicavit
478 2805 643 2854 Herodotus.
828 2815 968 2859 morantur
987 2813 1064 2863 fluvii
1082 2815 1109 2862 in
1129 2815 1225 2865 itinere
1238 2815 1372 2866 Sardibus

273 2872 383 2937 Τίγρις]
398 2875 442 2922 lta
455 2881 563 2939 practer
577 2873 714 2936 Restatis,
732 2873 778 2938 qui
828 2877 898 2929 Susa
914 2880 1039 2931 faciendo
1059 2885 1233 2945 transeundi3
1257 2899 1372 2950 quorum

238 2943 271 2992 ad
284 2943 398 3008 Dionys.
408 2943 541 3006 Perleget.
555 2941 606 2993 976
619 2943 777 2993 Herodotea
828 2949 929 3012 primus
942 2955 984 2999 est
998 2951 1105 3016 Tigris,
1120 2953 1255 3004 secundus
1269 2971 1302 3004 ac
1316 2960 1370 3004 ter·

237 3013 344 3076 tetigit,
364 3012 416 3062 duo
435 3013 513 3062 codd.
543 3011 585 3061 Cf.
598 3013 625 3074 Ι,
644 3013 701 3064 189.
718 3011 774 3062 193.
827 3019 882 3068 tius
901 3018 994 3069 eodem
1010 3022 1117 3085 quidem
1136 3039 1157 3072 s.
1170 3025 1306 3073 communi
1324 3040 1373 3074 no·

237 3082 279 3143 11,
299 3081 356 3132 150.
375 3082 475 3142 v1,·20
494 3081 551 3142 (ubi
571 3079 668 3145 Τίγρις
686 3081 777 3147 legen·
827 3089 899 3138 mine
920 3093 1036 3153 uterquc
1056 3091 1218 3155 insignitus,
1246 3095 1372 3159 quamvis

237 3151 314 3213 dum,
328 3152 352 3200 si
366 3151 472 3216 quidem
487 3149 538 3201 hac
553 3167 608 3201 una
624 3152 711 3202 forma
723 3154 776 3202 No·
827 3157 908 3222 plane
919 3158 1020 3207 diversi
1033 3161 1088 3210 sint
1103 3163 1191 3223 fluvii,
1208 3179 1321 3228 qnorum
1331 3163 1373 3212 al-

237 3225 294 3271 ster
305 3221 407 3284 utitur,
426 3225 538 3271 auctore
551 3221 664 3272 Bredov.
678 3239 704 3286 p.
718 3219 775 3286 to).
827 3233 869 3277 ter
884 3217 910 3288 (ὃ
922 3221 973 3290 μὲν
985 3221 1134 3295 πρότερος)
1148 3247 1180 3281 ex
1190 3235 1317 3283 Armenia
1329 3233 1372 3282 di-

236 3289 410 3340 Florentinus
425 3289 493 3341 liber
505 3307 565 3342 curn
581 3291 643 3341 aliis
655 3289 777 3357 llr‘ypqc:
828 3295 943 3360 labitur,
964 3297 1033 3348 alter
1048 3291 1075 3363 (ὁ
1090 3294 1120 3348 δ’
1133 3292 1265 3368 ὕστερον)
1284 3305 1372 3353 ebla-

237 3360 778 3425 quaeeademconlueioinXenophoutis
828 3366 910 3416 tienis
936 3368 1060 3430 profluit:
1091 3371 1215 3434 sequitur
1239 3373 1372 3438 deinceps

189 3475 190 3480 ,
237 3429 492 3492 Auab.l,7,15,ubi
504 3431 686 3484 rid.Weisko.
701 3431 778 3480 Unus
828 3441 942 3499 quartus
964 3437 1082 3501 Gyndes.
1122 3441 1164 3490 lta
1184 3440 1237 3492 loci
1260 3458 1372 3493 sensum

236 3499 374 3548 Mediceue
387 3499 468 3549 habet
478 3497 590 3564 Τίγρης,
606 3501 778 3566 quemadmo-
827 3508 1232 3576 recteconstitueruntBreiger
1244 3510 1261 3558 l.
1274 3511 1292 3562 l.
1304 3528 1372 3577 pag.

237 3567 300 3616 dum
313 3567 364 3630 Vl,
379 3567 413 3619 '20
427 3583 534 3631 omnes,
555 3577 685 3634 quantum
708 3571 774 3632 ecio,
826 3575 1218 3641 seseq.er1.areher‚eeuius
1231 3583 1373 3632 sententia

236 3635 300 3686 libri
311 3638 406 3702 scripti
418 3637 531 3697 editive3
549 3655 603 3703 qua
616 3639 708 3688 eadem
724 3639 778 3687 lor·
825 3643 962 3694 Heereuic
978 3661 1085 3710 quoque
1095 3651 1212 3712 probata
1225 3652 1247 3710 l,
1261 3653 1286 3702 2.
1295 3667 1367 3716 pag.

237 3721 281 3754 ma
303 3707 449 3771 aliquoties
473 3709 559 3757 utitur
576 3708 726 3772 Xenophon
748 3709 775 3757 iu
826 3712 876 3762 223
893 3712 937 3762 hic
950 3715 1068 3780 intelligi
1083 3720 1224 3781 probabile
1240 3720 1270 3770 lit
1284 3721 1371 3771 Ζοίια-

236 3775 360 3825 Anabasi
372 3781 455 3841 atque
468 3778 584 3843 Appiae.
598 3777 718 3840 Syrisce.
732 3779 775 3837 57,
826 3789 874 3830 tum
884 3786 1000 3834 maiorem
1009 3783 1099 3850 (quem
1109 3789 1260 3853 Xenophon
1271 3807 1373 3840 memo-

238 3861 372 3911 quamque
389 3847 469 3896 etiam
489 3847 694 3912 praeferendam
715 3862 774 3896 csse
825 3857 869 3900 rat
888 3855 917 3900 in
933 3853 1053 3904 bunhas.
1073 3856 1116 3918 11,
1137 3859 1166 3916 5,
1189 3861 1215 3921 l,
1240 3859 1289 3908 ubi
1312 3861 1370 3914 vid.

236 3921 331 3966 censet
350 3917 476 3982 Breiger:
511 3918 552 3966 De
575 3915 775 3966 difficilioribus
825 3921 916 3970 Zenue
932 3927 959 3971 et
973 3924 1102 3989 Krueger,
1117 3931 1144 3975 et
1155 3927 1211 3986 III,
1226 3927 1250 3990 3,
1265 3929 1295 3978 h:
1315 3945 1371 3994 quo

236 3985 363 4050 quibued.
372 3987 452 4037 Asiae
462 3985 591 4036 Herodct.
601 4001 662 4050 png.
673 3986 715 4048 49,
728 3985 775 4049 qui
825 3995 940 4056 utroque
955 3991 1015 4042 loco
1029 4009 1076 4057 pro
1093 3987 1220 4058 Ζάβατος
1230 4013 1301 4047 nunc
1314 3999 1372 4048 edi·

236 4055 269 4106 de
277 4055 396 4120 Tigridis
405 4055 527 4105 fontibus
537 4054 775 4120 adStrahon.[XI,
825 4065 870 4109 tur
886 4055 1029 4126 Ζαπάτας)
1050 4067 1077 4112 et
1095 4064 1217 4116 zaratum
1240 4069 1370 4124 minorem.

236 4139 263 4188 p.
274 4125 323 4175 521
339 4143 360 4177 s.
372 4123 475 4191 792B.]
495 4123 625 4174 amandat
642 4127 669 4174 in
685 4126 776 4176 Arme·
826 4134 970 4194 utrumque
991 4131 1067 4195 Tigri
1087 4149 1116 4184 se
1135 4136 1302 4187 miscentem.
1334 4137 1372 4188 ll-

235 4194 282 4242 nia
296 4195 472 4258 quaerendis;
488 4209 566 4260 qnam
577 4195 664 4258 ipsam
675 4200 772 4245 terram
827 4199 880 4248 lum
893 4215 964 4248 nnuc
973 4203 1065 4251 vocari
1076 4206 1283 4269 testanturZeh,
1295 4205 1371 4258 hune

236 4259 326 4325 Tigris
341 4263 403 4314 dein
415 4281 432 4314 a
445 4265 643 4328 Mesopotamia
657 4266 776 4331 seiungit
827 4269 943 4318 Turcicri
961 4267 1053 4330 lingui
1068 4273 1217 4338 Alter-Seu,
1237 4276 1256 4324 i.
1269 4291 1292 4325 e.
1308 4279 1371 4327 auri

235 4343 267 4378 ac
280 4334 418 4384 meridiem
434 4347 528 4384 versus
546 4334 673 4398 delapsus
688 4337 775 4386 orien-
826 4338 945 4387 fluvium.
967 4339 1028 4390 Vid.
1042 4341 1144 4392 Ritter:
1159 4344 1310 4395 Erdknnde
1320 4347 1370 4408 VI,

235 4397 316 4448 talem
326 4401 541 4468 Mesopotamiae
555 4406 697 4456 terminum
711 4421 774 4456 ecu-
826 4407 842 4455 *Ι
861 4407 918 4457 sive
935 4408 982 4457 IX.
999 4424 1024 4474 p.
1044 4411 1094 4461 517
1110 4427 1201 4480 seqq,
1221 4415 1370 4482 Forhiger=
