2994 4980
239 357 300 420 tlt

672 315 939 416 nnh0n0u1

240 534 296 602 καὶ
316 528 475 620 στρατιὴν
494 528 746 618 παρελάμβανε,
779 487 955 618 Τορώνην,
986 521 1160 615 Γαληψὸν,
1182 521 1388 614 Σερμύλην,

241 747 313 784 nunc
331 743 429 781 nomen
447 727 595 796 Dhrdpsuo
616 733 644 780 et
662 729 783 780 Kastoli:

243 799 314 868 quod
327 815 386 849 oum
396 799 531 849 Herodoti
543 799 633 850 verbis
643 801 730 848 miuus
740 813 785 847 co-

243 871 351 921 haeret:
377 884 446 933 quoe
468 869 538 919 idem
559 869 653 920 Leuke
673 871 784 920 seculus

244 942 271 990 in
288 951 388 1003 mepps
405 938 584 989 Macedoniae
603 938 712 990 sdiects
725 937 787 986 Am-

244 1009 333 1075 pelum
352 1008 423 1056 inter
436 1007 541 1057 Derrim
560 1015 589 1058 et
602 1010 727 1058 Toronen
746 1021 787 1054 re·

245 1082 290 1130 cte
308 1075 426 1126 collocet
444 1089 527 1141 prope
549 1077 635 1140 ipeom
649 1078 786 1136 Toronen,

247 1147 459 1213 promontorium
467 1145 575 1196 Ksrteli
585 1147 619 1196 od
629 1147 737 1196 Sortem
747 1159 789 1192 re-

246 1218 346 1268 lerens.
383 1216 479 1266 Torone
495 1215 560 1265 urbs
574 1217 645 1266 inter
656 1214 737 1264 urbes
753 1205 788 1261 ed

246 1301 322 1337 orum
336 1284 495 1350 peninsnlee
507 1283 703 1334 occidentslem
718 1283 788 1330 situs

193 1375 195 1380 ’
247 1355 365 1406 monime
379 1353 494 1402 eminuit
503 1368 653 1418 nomenque
667 1351 742 1401 dedit
754 1350 790 1398 si·

247 1425 294 1474 nui
310 1422 464 1482 ediuccnti,
486 1423 563 1472 ouius
583 1423 611 1471 in
624 1421 694 1471 hello
711 1419 789 1469 Pelo·

246 1494 412 1558 ponnesieoo
426 1489 572 1555 aliquoties
586 1491 617 1540 fit
633 1491 735 1540 mentio
748 1495 789 1536 et·

247 1577 300 1628 que
313 1561 395 1609 etium
408 1565 504 1623 postes
515 1561 694 1610 Macedonum
707 1560 736 1607 in
748 1573 791 1608 re·

247 1633 308 1680 bus.
334 1629 396 1679 Vid.
413 1629 565 1694 Thucydid.
581 1631 633 1688 IV,
652 1629 700 1678 110
713 1641 789 1692 seqq.

247 1701 280 1759 V,
295 1699 311 1748 2
326 1711 384 1762 seq.
400 1701 428 1747 et
441 1697 535 1762 Poppo
547 1698 670 1762 Thucyd.
684 1698 707 1758 l,
721 1697 748 1746 2.
761 1711 788 1760 p.

247 1767 307 1820 360.
322 1767 388 1830 310,
411 1767 572 1817 Tseohnoke
594 1768 630 1818 ed
647 1765 711 1816 Mel.
731 1764 749 1815 l.
769 1763 787 1817 1.
822 1818 824 1824 ,

248 1853 312 1902 peg.
329 1835 374 1887 161
391 1841 461 1888 nott.
478 1852 572 1903 exegg.
602 1838 662 1886 Non
678 1835 757 1899 longe
773 1847 791 1882 u

248 1905 330 1956 Derri
346 1919 367 1953 s.
381 1905 526 1969 Dhrepdno
543 1905 727 1971 promontorio
750 1904 790 1951 in-

248 1975 371 2035 venitur,
391 1979 422 2024 ut
434 1976 527 2025 Leuke
544 1977 641 2026 scribit
659 1974 677 2025 l.
691 1973 708 2022 l.
725 1987 789 2037 μορ.

251 2045 316 2107 110,
341 2045 551 2108 septentrionem
570 2059 665 2096 versus
685 2047 790 2108 portus,

250 2115 293 2166 cni
304 2112 394 2163 edhnc
408 2129 504 2164 nomen
513 2111 598 2178 iioso',
610 2119 638 2166 et
652 2127 736 2178 prope
749 2111 791 2159 iu-

250 2189 314 2234 cent
326 2183 423 2233 rninus
434 2185 572 2245 Toronen,
591 2182 688 2249 quibus
702 2179 790 2230 edhuc

250 2254 321 2303 idem
342 2267 449 2303 nomen.
488 2255 528 2304 Ac
546 2269 613 2304 sune
629 2251 700 2316 opud
713 2249 790 2300 Stru-

250 2323 347 2373 honem
357 2321 419 2373 Vll.
433 2325 457 2385 ς.
469 2321 502 2374 ot
512 2322 626 2388 legitur:
645 2311 706 2383 -ἡ
720 2314 790 2380 Δέρ-

252 2407 295 2454 ρις
307 2381 478 2454 λοτ1νᾶκροι,
493 2391 614 2456 πλησίον
631 2386 740 2451 Κωηοῦ
753 2387 792 2435 λι-

250 2455 335 2525 μένος
345 2454 394 2508 καλ
406 2450 422 2508 ὁ
438 2460 602 2522 Τορωναῖος
616 2452 721 2514 κόλπος
732 2447 791 2506 dno*

251 2520 360 2580 τούτων
381 2518 553 2590 ἀφορίζεται,
591 2531 681 2593 Atque
700 2541 794 2578 recen-

252 2601 307 2649 tius
321 2613 417 2648 nomen
432 2599 502 2664 Knso
516 2599 578 2648 inde
590 2597 701 2647 ductum
713 2599 793 2659 putet

251 2667 344 2720 Leuke
359 2667 502 2718 conterens
519 2667 665 2717 zenobium
683 2665 737 2724 IV,
758 2663 792 2714 66

254 2737 311 2802 (ubi
325 2736 493 2800 proverbium
505 2727 667 2796 κωφότερος
676 2729 727 2782 rori
740 2731 793 2780 To·

253 2803 378 2869 ρωναιόν
388 2800 512 2869 λιμένος)
525 2810 552 2854 et
561 2802 713 2865 Thucydid.
727 2801 793 2864 V,2,

254 2877 282 2923 in
295 2875 371 2922 onius
382 2872 490 2923 verbis:
509 2868 694 2920 κατέπλευσεν
705 2859 734 2926 ἐς
742 2863 792 2918 τὸν

254 2938 450 3003 Κολοφωνίων
479 2937 578 3004 λιμένα
606 2935 664 2987 τοῖν
697 2938 792 3000 Τορω-

254 3006 343 3057 ναίων
365 3001 508 3074 ἅπέχοντα
526 3001 560 3057 οὐ
581 2999 655 3057 πολι)
675 3003 725 3071 τῆς
742 2998 793 3056 πό-

254 3078 335 3138 λεως,
358 3080 487 3144 proponit
503 3073 618 3140 Κωφοῐν
637 3093 685 3141 pro
706 3075 794 3126 Κολο-

254 3144 386 3212 φωνίων,
404 3148 476 3212 quod
495 3147 559 3198 licet
576 3147 717 3198 strabonis
735 3161 795 3196 ver·

254 3217 297 3266 bis
323 3217 391 3266 setis
419 3217 635 3268 commendatum
660 3217 794 3276 videntur,

254 3290 417 3349 respuerunt
429 3292 519 3338 tomen
533 3287 651 3338 editores
662 3286 794 3338 recentio-

255 3369 314 3412 res,
341 3355 404 3421 quie
423 3359 475 3409 iste
495 3364 588 3422 portus
607 3369 661 3405 non
680 3347 796 3416 Κωφών

255 3415 355 3486 λιμὴν,
379 3425 427 3475 sed
444 3420 549 3489 Κωφός
567 3421 653 3490 λιμὴν
677 3425 795 3484 dicetur,

256 3493 328 3558 quod
354 3494 420 3544 mihi
444 3495 518 3546 houd
550 3495 640 3559 magni
669 3493 796 3543 momenti

256 3577 317 3612 esse
332 3563 454 3620 videtur:
473 3567 500 3613 in
515 3564 639 3628 Scylscis
653 3561 754 3628 Peripl.
771 3564 796 3623 ἓ.

256 3632 290 3683 06
303 3630 412 3695 legitur:
434 3627 554 3696 Τορύνη
571 3625 654 3689 πόλις
668 3624 797 3695 Ἑλληνλς

257 3695 304 3749 καὶ
318 3693 412 3765 λιμήν.
438 3702 498 3752 Non
511 3701 591 3766 longe
604 3703 737 3752 eTorone
751 3717 797 3765 po·

257 3771 331 3820 nitur
340 3771 476 3835 Lecythus
487 3787 545 3834 stu,
556 3775 626 3822 teste
637 3770 797 3835 Thucydide

258 3839 306 3898 1v,
325 3837 385 3890 lid:
405 3855 485 3904 quern
499 3839 654 3890 Herodorus
667 3840 797 3902 ignorans

259 3908 339 3958 nilert
357 3909 503 3974 Galepsum,
529 3909 608 3958 cuius
629 3907 703 3957 nulls
725 3907 797 3972 spud

260 3977 448 4044 Thucydidem
477 3979 594 4036 meutio;
629 3991 700 4040 quse
727 3977 797 4026 enim

260 4045 332 4112 spud
352 4061 413 4096 eum
426 4048 478 4108 lV,
498 4046 546 4097 107
568 4047 688 4096 occurrit
702 4045 798 4108 depue-

260 4122 312 4174 tue.
339 4116 422 4181 probe
447 4117 566 4166 discerni
589 4115 678 4165 debet.
718 4114 798 4166 Ocni.

261 4189 355 4250 Poppo
366 4183 384 4233 1.
396 4184 412 4237 l.
424 4201 449 4250 p.
465 4183 524 4234 366.
541 4185 649 4234 Etenim
664 4183 798 4235 Threcise

260 4255 324 4305 urbs
340 4257 392 4315 est,
406 4269 423 4304 s
433 4253 545 4318 Scylace
559 4257 584 4316 §-
596 4253 628 4306 67
639 4269 800 4305 commemo·

834 721 941 794 ptorum
955 727 1031 780 locos
1046 724 1153 788 rettulit,
1169 725 1237 776 bene
1253 739 1390 786 monens,

834 799 904 850 hsnc
915 797 1049 848 Threciae
1058 796 1150 847 urbem
1161 796 1195 846 eb
1206 811 1238 845 ee
1250 793 1325 845 urbe
1335 795 1393 844 Ge·

834 869 926 933 lepso,
944 867 1022 918 cuins
1036 865 1062 915 h.
1078 865 1096 915 l.
1110 865 1211 914 mentio
1227 863 1275 925 nt,
1298 863 1391 928 probe

836 935 1042 989 discernendum
1064 949 1141 996 esse,
1161 939 1189 984 et
1206 933 1336 984 efferens
1352 939 1392 982 te·

837 1007 993 1057 stimonium
1007 999 1138 1070 Stephsnl
1151 1003 1323 1067 Byzantini,
1345 1003 1393 1066 qni

837 1079 914 1138 dnus,
925 1075 1030 1140 profert
1051 1072 1172 1124 eiusdem
1190 1071 1316 1122 nominis
1333 1072 1393 1120 Γα·

838 1138 931 1210 ληψός
947 1145 1043 1194 urbes:
1063 1143 1096 1192 de
1109 1157 1164 1207 qus
1174 1141 1270 1192 eedem
1283 1155 1319 1191 re
1333 1141 1393 1192 eid.

839 1229 945 1281 quoque
958 1213 1082 1263 Bocckh:
1102 1209 1349 1262 Stestshoushult.
1365 1210 1392 1262 d.

837 1285 935 1334 Athen.
949 1283 986 1333 ll.
998 1298 1024 1347 p.
1035 1281 1087 1333 616
1096 1297 1154 1346 seq.
1181 1279 1327 1330 Herodoti
1337 1281 1393 1329 Ge·

839 1353 943 1417 lepsum
960 1353 1030 1402 inter
1042 1352 1168 1402 Toronen
1186 1355 1214 1399 et
1228 1349 1392 1412 Sermylsm

839 1422 945 1487 quaerit
957 1420 1051 1471 Leuke
1064 1420 1082 1469 l.
1097 1420 1113 1469 l.
1128 1434 1191 1485 ρος.
1209 1420 1258 1470 166
1277 1434 1315 1469 eo
1332 1419 1392 1468 iere

839 1491 914 1551 loco,
943 1491 987 1539 cui
1008 1494 1104 1553 posteo
1129 1503 1224 1538 nomen
1249 1488 1393 1555 Phyto-ello

840 1561 912 1625 opud
930 1558 1048 1608 Plinium
1069 1558 1102 1609 H.
1118 1559 1152 1607 N.
1169 1558 1222 1618 IV,
1241 1556 1282 1608 10.
1302 1560 1330 1620 5.
1347 1557 1392 1616 37,
1458 1556 1459 1594 ἶ

840 1631 888 1679 nbi
916 1633 1007 1678 tumen
1038 1641 1110 1676 nunc
1135 1627 1224 1677 editur
1252 1625 1390 1675 Miseedo.

839 1697 962 1763 Sermylo,
973 1711 1054 1762 quern
1064 1696 1099 1745 ud
1109 1696 1328 1760 septentrionem
1338 1696 1393 1744 To·

840 1782 921 1818 rones
942 1767 1024 1816 sitem
1036 1765 1122 1815 inisse
1138 1765 1288 1826 coniieiss,
1315 1763 1391 1828 apud

840 1835 1026 1898 Thucydidem
1041 1835 1064 1894 l,
1076 1833 1110 1885 66
1125 1832 1187 1884 coll.
1199 1836 1237 1895 V,
1256 1835 1288 1884 te
1305 1849 1393 1883 voce·

840 1911 884 1955 tur
897 1902 1063 1965 Σερμαλίων
1076 1896 1167 1964 πόλις,
1182 1902 1228 1953 ubi
1243 1901 1391 1952 Scholinm

841 1975 923 2024 hebet
942 1966 1097 2036 Σερμολλς,
1119 1971 1251 2036 Stephon.
1265 1973 1392 2036 Byssnt

841 2061 863 2096 s.
875 2059 900 2094 v.
914 2057 975 2107 ρος.
985 2042 1037 2094 066
1048 2039 1205 2104 Σερμολλαι
1224 2041 1300 2106 qnod
1316 2043 1392 2092 idem

841 2116 932 2163 exstet
950 2111 1023 2176 opud
1042 2109 1150 2175 Scyloc.
1168 2112 1192 2174 ᾗ.
1207 2109 1242 2161 66
1261 2110 1342 2174 (psg.
1356 2111 1392 2160 26

840 2182 926 2231 iluds.
938 2197 963 2245 p.
977 2179 1028 2230 ete
1040 2179 1124 2242 uait,
1137 2179 1182 2229 ubi
1195 2179 1311 2229 edditnr
1324 2173 1392 2228 πόλ-

841 2265 895 2307 πος
910 2241 1096 2313 Σερμολιπός)
1116 2254 1143 2300 et
1158 2249 1187 2298 in
1201 2249 1392 2315 inscriptione

842 2321 958 2383 entique
979 2318 1052 2382 opud
1065 2317 1184 2369 Boeckh.
1206 2319 1228 2368 l.
1244 2333 1312 2384 ρος.
1324 2319 1393 2370 301.

842 2391 884 2439 Tu
900 2388 955 2439 vid.
970 2387 1069 2437 Duker.
1084 2389 1119 2437 ud
1133 2387 1290 2450 Thucydid.
1309 2388 1339 2450 l,
1355 2389 1392 2437 65
1460 2389 1461 2392 ’

843 2459 974 2509 etWosse
984 2455 1018 2505 sd
1026 2455 1147 2521 Thucyd.
1156 2457 1188 2520 V,
1201 2455 1241 2507 18.
1251 2457 1335 2507 Unde
1346 2473 1393 2506 ee·
1461 2472 1462 2496 t

843 2529 880 2580 tis
892 2531 984 2592 petet,
1000 2524 1064 2590 quid
1079 2527 1113 2577 ds
1124 2526 1182 2577 eius
1193 2525 1392 2576 emendetioue

843 2599 881 2646 eit
903 2595 1092 2657 statuendum,
1120 2595 1167 2660 qui
1192 2595 1221 2644 in
1243 2595 1393 2645 Herodoto

843 2681 892 2730 pro
913 2660 1061 2728 Σερμύλην
1084 2666 1179 2729 reponi
1195 2663 1326 2714 vulneret
1340 2661 1394 2713 Ol-

843 2725 1361 2867 titt”dlttt00:iiiiii-‘it‘
1363 2727 1395 2852 1·

843 2887 905 2938 μορ.
921 2873 980 2924 lot.
1008 2872 1165 2937 Mecyberna
1176 2873 1276 2937 viginti
1288 2873 1394 2923 studiis

844 2943 879 2992 sb
897 2941 1018 3007 Olyntho
1037 2941 1090 2990 luit
1111 2949 1229 3004 remote,
1248 2942 1329 2991 onius
1349 2942 1394 2990 di-

844 3012 915 3062 tioui
929 3027 990 3061 mox
1005 3009 1100 3060 addite
1112 3027 1145 3062 sc
1158 3013 1221 3062 dein
1233 3027 1250 3060 u
1259 3010 1395 3075 Philippo

845 3087 1003 3146 expugnate
1013 3081 1150 3132 interiisse
1161 3081 1279 3142 videtur,
1295 3079 1321 3129 iti
1331 3081 1396 3144 qni-

845 3151 903 3200 dem
922 3149 995 3198 nulls
1013 3150 1129 3214 emplius
1151 3152 1210 3200 eius
1228 3149 1259 3198 tit
1273 3151 1395 3199 mentio.

846 3217 958 3284 Olynthi
972 3222 1061 3269 novole
1078 3225 1179 3270 vocent
1195 3219 1312 3280 Strabo,
1330 3217 1396 3268 stit.

845 3289 925 3338 Unde
936 3289 1016 3337 muris
1031 3289 1123 3348 sinus,
1148 3289 1195 3353 qui
1208 3288 1291 3353 vulgo
1311 3288 1398 3336 Toro-

846 3373 925 3407 noeus
943 3361 1070 3416 vocetur,
1098 3357 1303 3422 Meopdemoeue
1323 3371 1397 3421 qno·

848 3441 900 3492 que
920 3431 1100 3491 nuncupetur.
1140 3429 1181 3477 Tu
1198 3428 1255 3476 vid.
1272 3425 1396 3479 Diodor.

847 3497 901 3547 Sic.
917 3495 1192 3558 x11,77.xv1‚tt.
1217 3495 1342 3560 Thucyd.
1360 3495 1397 3556 V,

849 3565 891 3616 18.
907 3564 948 3616 30.
963 3563 1070 3630 Scyisc.
1084 3563 1104 3614 l.
1116 3564 1135 3615 l.
1148 3565 1221 3614 Meis
1232 3565 1250 3614 l.
1264 3564 1283 3614 l.
1298 3564 1398 3628 ibique

848 3633 1009 3684 Tsschucke
1022 3639 1092 3684 nott.
1105 3649 1199 3699 exegg.
1215 3650 1242 3700 p.
1256 3632 1318 3684 160.
1332 3635 1398 3694 tou,

847 3705 983 3754 Msnnert.
995 3703 1057 3754 Vll.
1071 3719 1097 3768 p.
1107 3703 1167 3756 466.
1179 3703 1239 3764 tot,
1257 3701 1400 3753 Klsusen.

848 3772 882 3822 ed
898 3773 1032 3822 Hecataei
1045 3772 1171 3838 iregmm.
1184 3787 1248 3836 ρος.
1261 3773 1311 3832 77,
1332 3773 1399 3837 qui-

848 3841 899 3892 hus
911 3840 973 3890 edd.
989 3839 1148 3906 Millingenr
1169 3839 1278 3905 Sylloge
1296 3841 1327 3890 oi
1344 3855 1400 3891 sn·

848 3912 921 3961 cient
931 3911 1017 3960 incdit
1026 3911 1102 3960 coins
1113 3925 1176 3976 peg.
1185 3911 1218 3960 45
1228 3925 1286 3974 seq.
1312 3909 1400 3960 Nunc

848 3984 963 4030 vocetur
989 3979 1180 4046 Moliropprpo,
1210 3983 1242 4028 ut
1270 3983 1401 4030 testetur

849 4049 941 4100 Leske
955 4049 974 4100 1.
986 4049 1004 4099 l.
1020 4064 1083 4114 psg.
1097 4049 1154 4100 166.
1182 4046 1305 4113 Olynthus
1315 4049 1400 4104 urhe.

850 4119 969 4168 omniurn
981 4118 1015 4167 od
1025 4117 1201 4168 Macedonico
1211 4131 1244 4168 ec
1254 4117 1401 4168 Threciae

850 4201 925 4236 orem
940 4187 1109 4237 conditurum
1126 4187 1243 4236 maxime
1259 4189 1401 4248 eminens,

851 4257 884 4306 sd
906 4257 992 4306 sinum
1012 4257 1183 4306 Toronaeum
1203 4259 1283 4306 extre
1299 4257 1403 4307 Sitho-

261 4327 340 4384 rste,
356 4322 403 4372 ubi
412 4321 525 4373 Mueller
537 4323 648 4390 (Geogr.
659 4325 706 4375 (ir.
716 4325 797 4374 minu.
850 4327 913 4376 uine
931 4326 1091 4390 peninsulse
1106 4325 1235 4376 isthmum
1250 4326 1340 4376 iacuit
1356 4343 1405 4379 ee·

262 4391 285 4444 1.
308 4405 372 4456 psg.
390 4391 436 4460 tt)
464 4393 577 4445 eliorum
603 4409 709 4460 qnoque
733 4394 801 4444 scri·
850 4393 1336 4460 xsgintslermestudiissivetribus
1349 4396 1406 4450 hu-
