3062 4986
557 377 831 478 Ponruurs.
854 413 925 478 vn.
948 423 975 482 1.
997 426 1024 482 s.

222 605 304 664 σθαι
327 589 366 677 τὸ
387 590 575 682 στράτευμα
595 589 633 662 τὸ
655 591 709 660 ἐπὶ
728 588 786 671 τὰς

223 800 264 844 ter
279 794 398 846 sensisse
413 793 542 844 Nostrum
562 791 629 858 (vid.
645 797 714 843 nott.
728 790 763 840 acl

222 865 260 928 11,
276 863 332 914 115.
351 861 411 927 1⁴20)
433 878 546 928 eamque
558 877 613 912 uon
625 862 704 914 aliter
717 867 760 911 at·

222 949 275 998 que
288 935 430 982 Persarum
442 933 640 997 expeditionem
653 933 687 982 ad
700 947 763 982 san-

222 1004 281 1052 dem
297 1017 407 1052 cansam
423 1001 564 1064 retulisse,
585 1017 664 1066 quum
689 1006 763 1052 recte

223 1073 306 1122 Grote
320 1071 363 1122 his
381 1071 468 1122 verbis
483 1070 618 1121 declarat:
637 1070 702 1133 „the
722 1085 764 1119 re·

223 1143 311 1205 tips'one
323 1143 390 1201 ideo,
403 1155 434 1190 so
451 1140 527 1191 olten
539 1140 682 1204 presented
696 1138 764 1190 else·

224 1210 314 1262 where
328 1211 355 1260 in
368 1210 539 1272 Herodotus,
555 1209 620 1259 thau
635 1209 681 1260 the
694 1209 765 1260 God-

225 1281 293 1330 head
307 1295 363 1331 was
373 1278 482 1342 jealous
494 1280 549 1329 aud
568 1279 666 1330 hostile
679 1285 707 1329 to
720 1293 766 1330 ex-

224 1353 330 1400 cessivo
342 1351 413 1416 good
423 1350 535 1400 tortose
549 1365 578 1398 or·
588 1349 765 1400 immoderate

225 1420 328 1470 desires
349 1422 377 1470 iu
390 1435 462 1482 man,
482 1422 505 1468 r's
521 1419 625 1470 morderi
638 1421 662 1468 ia
682 1427 708 1468 to
726 1418 764 1468 bis

223 1491 321 1552 history
333 1490 366 1551 of
373 1489 477 1539 Xerses
489 1505 520 1538 us
539 1489 579 1539 lde
591 1495 765 1550 socr-present
798 1499 800 1503 ·

224 1563 304 1608 amru!
312 1560 366 1608 aad
374 1575 404 1609 ae
415 1559 455 1609 tle
466 1562 530 1608 muln
541 1573 616 1608 cause
626 1559 658 1620 os
668 1562 701 1607 r'ts
712 1559 765 1607 dis·

222 1630 342 1693 pracesse!
359 1630 544 1678 terrra'natr'ou.“
568 1629 622 1690 Qui
637 1627 708 1677 enim
724 1631 765 1676 to·

226 1705 283 1748 tum
298 1713 368 1763 opus
385 1699 419 1748 ad
430 1697 568 1747 Homerici
588 1698 714 1747 carminis
727 1695 765 1746 si·

226 1767 403 1818 militudinem
423 1768 546 1832 exegisse
570 1766 705 1831 putandus
724 1770 766 1815 est

223 1837 392 1898 Herodotus,
416 1838 438 1887 is
457 1837 485 1886 iu
506 1841 563 1886 toto
579 1851 659 1900 opere
678 1849 764 1899 aeque

227 1913 309 1972 atque
321 1907 348 1955 iu
360 1905 472 1971 singulis
487 1908 546 1957 eius
562 1905 683 1970 partibus
696 1903 764 1954 nihil

215 1975 301 2036 Ι11111111
314 1977 452 2041 spectavit
464 1991 551 2040 neque
563 1975 637 2025 aliud
644 1974 768 2039 proposi·

226 2051 284 2096 tum
306 2044 417 2108 habuit,
444 2033 498 2096 hisi
523 2046 578 2095 vim
599 2045 718 2094 divinam
736 2043 764 2091 in

227 2115 381 2166 mortalium
394 2115 474 2166 rebus
487 2121 517 2164 ut
530 2117 766 2175 commonstraret,

227 2201 297 2250 quae
313 2199 412 2250 pravos
425 2200 548 2250 quosque
567 2182 705 2232 hominum
723 2196 768 2230 co-

227 2259 309 2305 natus
321 2255 452 2319 reprimit,
466 2253 618 2320 superbiam
636 2251 766 2315 imprimis

227 2324 262 2374 ad
277 2324 349 2374 mala
363 2339 487 2390 quaeque
502 2324 623 2373 homiues
643 2323 768 2371 osciten-

227 2400 281 2444 tem
289 2396 404 2456 coercet,
417 2395 516 2445 iustum
528 2391 634 2442 modum
645 2391 672 2440 iu
683 2390 767 2440 omni-

227 2464 278 2513 bns
294 2469 437 2514 conservat
462 2479 548 2529 eoque
565 2461 654 2513 omnia
666 2464 765 2511 tuetur.

227 2533 302 2584 Haec
314 2535 397 2597 igitur
415 2535 457 2582 ris
474 2533 569 2582 divina
590 2532 618 2580 iu
637 2545 669 2581 eo
686 2529 767 2590 bello,

228 2604 300 2668 quod
316 2605 417 2654 Noster
442 2604 496 2652 ism
516 2606 692 2652 enarraturus
714 2605 765 2660 est,

229 2673 344 2722 maxime
353 2674 529 2737 conspicuam
541 2687 569 2722 so
579 2670 701 2721 exhibuit
711 2688 717 2720 :
728 2671 768 2719 in-

151 2796 152 2800 ,
228 2741 316 2808 deque
325 2748 453 2793 accurate
464 2755 641 2807 quaeeunque
650 2740 768 2805 hucper-

229 2815 316 2862 tinent
331 2811 430 2864 Noster
445 2813 573 2877 persequi
586 2810 700 2861 studuit.
717 2811 769 2860 Ne·

229 2897 281 2946 que
292 2880 368 2932 aliud
382 2881 466 2932 inisse
481 2881 624 2932 eonsilium
631 2879 767 2944 Aeschyli,

228 2967 289 3001 cum
304 2952 386 3002 Peras
399 2951 517 3014 doceret,
530 2951 662 3001 nemiuem
673 2949 769 3014 opinor

229 3021 317 3085 fugit,
342 3021 388 3086 qui
412 3021 531 3086 singulas
553 3020 632 3069 liuius
659 3017 768 3069 tubulas

230 3095 321 3157 partes
334 3097 462 3140 accurate
475 3089 629 3156 perlegerit.

265 3152 401 3223 σύλλογον
412 3151 562 3223 ἐπίκλητον
570 3154 701 3219 Περσέων
711 3151 768 3203 τῶν

228 3221 352 3293 ἀρίστων
366 3220 503 3293 ἐποιέετο]
531 3228 608 3277 citat
627 3228 694 3276 haec
714 3225 768 3274 Eu-

229 3299 349 3350 stuthius
366 3299 400 3349 ad
416 3299 494 3350 Iliad.
506 3313 568 3362 pag.
584 3297 647 3354 172,
664 3295 691 3346 11
710 3295 768 3343 sive

233 3370 296 3432 130,
315 3368 357 3420 33.
383 3369 518 3418 Obsereat
531 3371 622 3416 autem
643 3365 677 3414 ad
699 3363 725 3416 b.
749 3361 765 3412 l.

230 3437 439 3504 Valckenarius,
451 3437 608 3488 concionem
618 3432 710 3500 populi
723 3447 768 3508 ex-

229 3513 273 3557 tra
292 3507 411 3559 ordinem
429 3507 543 3558 Athenis
564 3512 688 3557 coactam
706 3515 769 3565 σογ-

230 3577 333 3641 κληοον
346 3567 496 3641 ἐκκλησίαν
513 3577 568 3628 diei
583 3575 656 3641 apud
670 3573 769 3623 Demo-

231 3647 353 3698 sthenem
372 3653 399 3697 et
417 3647 576 3699 Aeschinem
610 3643 676 3712 [vid.
692 3641 722 3695 Ο.
734 3641 766 3691 F.

231 3717 383 3766 Hermann:
399 3715 504 3768 Griech.
519 3712 723 3766 Staatsalterth.
742 3712 768 3774 ἕ.

234 3785 291 3834 128.
311 3791 369 3836 not.
390 3787 438 3850 1.,
459 3789 616 3838 concionem
636 3784 768 3854 Argiuam

232 3848 368 3916 ου’λλογον
390 3855 497 3912 colens
513 3862 540 3906 et
562 3851 697 3918 ἔκκλητον
713 3844 768 3912 Ἀρ-

1290 421 1352 481 445

804 588 964 682 Ἀθήνας,
987 588 1154 679 σύλλογον
1175 594 1353 682 ἐπίκλητον

812 805 878 855 τον,
902 796 973 842 teste
990 790 1127 856 Hesycbio
1149 793 1171 842 Ι.
1192 808 1254 859 pag.
1278 794 1352 862 iseo.

813 861 977 911 Huiusmodi
991 868 1153 912 conventum
1164 865 1317 928 principum
1331 880 1353 916 s.

813 947 955 996 procerum
973 933 1064 995 gentis
1076 932 1219 982 Persarum
1235 949 1268 983 ac
1286 933 1353 983 deli·

814 1002 981 1052 berationem
995 1000 1120 1052 derebus
1136 1003 1213 1066 regni
1226 1004 1355 1067 gravissi·

813 1072 864 1120 mis
877 1070 998 1120 habitam
1008 1071 1149 1136 attigimus
1162 1087 1245 1136 supra
1255 1073 1289 1127 ad
1302 1073 1354 1135 111,

814 1140 857 1191 80.
874 1157 900 1205 p.
920 1141 966 1190 152
982 1147 1010 1190 et
1023 1141 1051 1189 iu
1063 1141 1177 1191 Excurs.
1194 1142 1228 1192 ad
1244 1143 1296 1206 111,
1310 1143 1352 1191 70.

814 1225 878 1275 pag.
890 1209 942 1260 680
956 1225 1012 1274 seq.
1028 1208 1086 1263 Vol.
1103 1210 1153 1273 lli,
1176 1211 1354 1277 addimusque

815 1278 929 1331 similem
942 1285 1114 1342 conventum,
1128 1297 1207 1347 quem
1221 1283 1354 1332 testsDa·

815 1349 878 1399 niel.
887 1348 940 1408 ill,
954 1347 1036 1414 2(ubi
1048 1349 1120 1400 conl.
1134 1351 1275 1416 Lengerke
1288 1367 1352 1416 pag.

818 1417 877 1483 ltu)
901 1418 1114 1469 Nebucadnezar
1127 1420 1265 1485 Babylone
1277 1421 1354 1470 insti-

814 1489 879 1552 tuit,
895 1488 1088 1553 itemqueeam,
1099 1504 1179 1554 quam
1187 1491 1354 1560 Daciaqcum

814 1559 890 1624 regui
904 1559 1061 1623 proceribus
1076 1561 1207 1624 instituit,
1222 1559 1355 1611 delibera·

815 1629 916 1678 tionem
936 1629 965 1677 in
984 1629 1116 1694 imagine,
1138 1645 1220 1695 quarn
1238 1631 1272 1680 ad
1291 1631 1355 1694 Vll,

816 1699 828 1748 l
841 1697 1011 1748 exhibuimus
1023 1705 1263 1764 repraesentatam.
1293 1700 1355 1762 Quo

813 1769 903 1817 miuus
919 1769 1049 1819 accedere
1067 1783 1176 1832 possum
1196 1771 1254 1821 viro
1274 1769 1356 1820 docto

815 1837 968 1900 (bonesen
983 1837 1080 1888 Gesch.
1095 1839 1121 1887 d.
1133 1839 1249 1890 Altertb.
1265 1839 1311 1889 tv.
1326 1855 1353 1903 p.

815 1905 888 1971 720),
909 1907 956 1970 qui
970 1922 1019 1970 ea,
1042 1921 1112 1972 qnae
1126 1909 1160 1959 ds
1184 1909 1234 1959 hoc
1257 1909 1355 1959 Xerxis

815 1976 932 2025 concilio
944 1977 1089 2026 traduntur
1099 1978 1171 2042 apud
1180 1977 1355 2042 Herodotum,

815 2045 890 2095 uuita
907 2059 1017 2108 prorsus
1033 2045 1085 2096 fide
1106 2047 1190 2111 digna
1212 2061 1272 2097 esse
1286 2047 1356 2097 iudi-

816 2120 871 2176 cat,
886 2113 1105 2180 Herodotumque
1118 2131 1165 2176 ea,
1180 2131 1250 2180 quae
1266 2117 1355 2164 ePer·

816 2199 907 2234 aarum
919 2185 1085 2234 carminibus
1099 2183 1181 2249 (quae
1192 2185 1265 2235 nulla
1280 2183 1355 2233 illum

815 2254 978 2318 cognovisse
999 2259 1027 2302 et
1048 2253 1207 2303 adhibuisse
1232 2253 1354 2318 equidem

816 2319 910 2387 credo)
926 2323 1081 2387 sumpserit,
1096 2338 1144 2388 pro
1156 2339 1285 2374 enomere
1295 2338 1355 2372 sua-

818 2408 868 2457 que
890 2393 1031 2456 cogitandi
1052 2398 1079 2442 et
1092 2393 1226 2442 sentiendi
1248 2393 1355 2444 ratione

817 2462 897 2530 aliter
914 2477 1023 2526 prorsus
1042 2462 1226 2512 conformasse
1239 2462 1356 2512 arbitra-

816 2537 869 2583 tor.
889 2533 929 2581 De
941 2546 994 2596 quo
1009 2531 1073 2581 mihi
1085 2532 1191 2598 quidem
1206 2531 1287 2581 aliter
1299 2537 1355 2582 sta-

816 2603 946 2652 tuendum
970 2601 1094 2666 videtur,
1114 2603 1159 2667 qui
1176 2601 1355 2665 Herodotum,

817 2673 841 2722 ai
855 2687 924 2737 quse
936 2671 1046 2721 aliunde
1066 2672 1213 2736 acceperit,
1228 2687 1260 2721 ea
1276 2687 1356 2722 accu-

816 2747 876 2792 rate
897 2757 928 2791 ac
950 2757 1055 2794 summa
1079 2757 1140 2791 eum
1157 2741 1209 2791 fide
1230 2740 1357 2792 retulisse

818 2811 953 2862 existimo.
984 2811 1037 2862 Sed
1057 2810 1123 2861 illud
1139 2827 1280 2876 procerum
1293 2812 1356 2860 Per-

817 2898 907 2933 sarum
921 2881 1065 2932 coneilium
1079 2897 1146 2932 cave
1156 2880 1252 2931 credas
1263 2882 1290 2930 in
1302 2896 1356 2930 om·

818 2953 897 3003 nibus
908 2953 988 3002 rebus
1003 2951 1118 3016 publicis
1130 2967 1146 3001 a
1160 2967 1223 3016 rege
1235 2951 1357 3016 legitime

817 3019 923 3072 consuli
944 3021 1053 3072 solitum
1072 3021 1172 3072 fuisse:
1198 3021 1225 3070 irl
1244 3023 1315 3071 euim
1339 3035 1357 3070 a

818 3107 961 3156 regnorum
993 3089 1162 3140 orientalium
1191 3091 1356 3154 conditione,

817 3161 864 3210 ubi
883 3177 964 3224 penes
983 3175 1064 3210 unum
1089 3161 1237 3225 principem
1251 3175 1357 3212 summa

818 3234 935 3279 omnium
948 3245 1035 3278 rerum
1046 3234 1176 3293 potestas,
1191 3230 1356 3280 multumab·

818 3298 922 3358 horret;
945 3301 972 3348 in
988 3299 1097 3348 maioris
1111 3304 1217 3348 tantum
1229 3299 1359 3352 momenti

817 3367 898 3417 rebus
910 3367 977 3416 illud
991 3384 1007 3416 a
1019 3383 1080 3433 rege
1094 3374 1289 3432 convocatum,
1304 3385 1358 3419 non

817 3443 873 3486 tam
886 3441 917 3486 ut
929 3436 962 3487 de
974 3452 1015 3498 eo,
1029 3437 1358 3502 westmonasteriense,

820 3521 899 3572 quam
920 3513 951 3555 ut
963 3507 996 3556 de
1014 3507 1092 3556 modo
1106 3523 1139 3557 ac
1157 3509 1279 3573 ratione,
1296 3523 1357 3574 qna,

818 3591 995 3642 quaecunque
1008 3591 1152 3627 rexsecum
1160 3580 1358 3638 constituisset,

819 3647 921 3711 optime
935 3653 1137 3712 peragerentur,
1150 3647 1310 3699 deliberatio
1319 3649 1358 3696 iu-

819 3716 988 3770 stitueretur.
1017 3717 1158 3781 inquibus
1174 3718 1297 3768 conciliis
1313 3733 1358 3766 ve·

819 3801 875 3836 ram
895 3785 979 3836 animi
992 3787 1155 3837 senteutiam
1174 3787 1264 3853 eloqui
1277 3787 1359 3836 lubri-

821 3872 880 3906 cum
897 3871 962 3907 sane
982 3871 1015 3905 ac
1041 3855 1236 3921 periculosum,
1253 3872 1313 3907 cum
1335 3857 1359 3902 si

214 3929 216 3934 ⁴
232 3919 317 3984 yes'oiv
333 3912 418 3986 ὄχλον
431 3925 466 3973 ab
481 3926 613 3989 Euripide
625 3923 679 3974 dici
692 3923 720 3972 in
733 3921 771 3971 Ο·
820 3926 885 3993 qnid
898 3925 1027 3992 deinceps
1041 3925 1256 3988 maleoessisset,
1270 3924 1358 3988 isqui
1419 3947 1421 3950 ·

233 3994 297 4038 rest.
311 3991 361 4041 728
377 3997 405 4043 et
420 3993 481 4055 ull,
498 3986 608 4057 ἀγορὴν
625 3993 658 4042 ab
670 3993 771 4042 Home·
821 3995 965 4048 concilium
979 3995 1107 4060 dederat,
1119 3994 1282 4060 plecteretur
1296 4007 1358 4056 poe·

233 4053 771 4180 stuss*aususausus
821 4061 1357 4186 suflt‘srtltls‘tvtl‘

234 4141 374 4247 llelhdotc
387 4143 415 4247 lll
426 4197 443 4246 l.
458 4165 575 4262 intelligi
588 4198 648 4248 volt
660 4199 771 4247 sanetius
822 4206 848 4266 5,
858 4172 932 4268 ¹quse
946 4151 986 4254 led
999 4151 1095 4266 ίῐῗῖιὲ
1115 4147 1359 4266 ίὶιιῖηηίτίῐοίτῶηοζ

233 4267 375 4325 concilient,
398 4265 470 4332 quod
489 4282 521 4316 es
544 4266 657 4317 delectis
674 4267 772 4331 princi·
823 4271 883 4322 0011.
902 4275 1019 4324 Hostes,
1037 4273 1119 4323 ldson
1134 4274 1160 4330 Ι,
1183 4274 1205 4322 l.
1221 4285 1282 4335 pag.
1298 4271 1358 4321 470.

233 4335 365 4401 pibusque
373 4337 515 4414 Persarum
523 4337 685 4414 consulerit,
693 4335 773 4400 quate
823 4342 899 4403 Quae
912 4349 1003 4393 autem
1023 4343 1114 4392 Persis
1132 4343 1160 4390 tn
1180 4357 1253 4390 more
1273 4341 1360 4392 irrisae

234 4406 323 4456 aetoli
348 4407 472 4456 vocarint
493 4405 674 4471 απονλητοος
702 4411 773 4454 teste
823 4409 960 4476 videmus,
978 4414 1037 4476 ipso
1057 4413 1230 4461 Xerxeteste
1252 4409 1360 4477 (siqui.

234 4477 315 4528 Livio
329 4475 437 4536 XXXV,
451 4477 494 4542 34,
505 4469 772 4542 Syracusauilcalq-
824 4479 883 4552 dem
895 4479 939 4532 ille
957 4496 1019 4532 mox
1032 4495 1091 4532 eum
1109 4481 1137 4531 in
1154 4481 1261 4534 modum
1273 4480 1361 4550 loqui-
