3062 4986
530 371 803 435 l'OLYlllNIA.
828 371 899 434 vll.
923 379 967 434 36.
1249 367 1311 430 507

183 548 456 640 πεντηκοντέρων
476 548 530 616 καὶ
548 553 681 636 τριχοῦ,
705 551 762 616 ἵνα
777 546 834 616 καὶ
856 549 888 628 ἐς
905 541 964 616 τὸν
977 543 1110 614 Πόντον
1124 549 1181 632 ἔχῃ
1199 537 1215 611 ὁ
1230 548 1310 630 βον-

183 654 321 742 λόμενος
347 653 463 721 πλέειν
487 658 634 721 πλοίοισι
655 661 822 736 λεπτοῖσι,
850 652 905 720 καὶ
935 652 972 719 ἐκ
997 653 1058 718 τοῦ
1079 647 1214 716 Πόντον
1239 649 1311 728 ἔξω.

182 762 287 826 ταῦτα
308 754 345 823 dl
365 753 563 842 ποιήσαντες
590 757 781 826 κατέτεινον
809 756 845 822 ἐκ
867 759 927 842 γῆς
947 756 1186 840 στρεβλοῦντες
1207 746 1314 818 ὄνοισι

183 865 345 942 ξυλίνοισι
360 855 400 926 τὰ
420 854 528 945 ὅπλα,
551 854 661 928 οὐιὶέτι
681 859 782 946 χωρὶς
795 856 933 946 ἑκάτερα
952 855 1123 940 τάξαντες,
1145 851 1230 922 ἀλλὰ
1251 851 1314 921 δύο

183 1025 254 1092 quod
275 1017 464 1087 ὑποφαίνεται
482 1029 650 1090 apparetque
667 1024 723 1089 lox,
774 1025 843 1076 ineo
855 1029 954 1090 ponte,
971 1023 1016 1090 qui
1028 1021 1182 1074 triremibus
1196 1024 1316 1072 structus

184 1095 430 1147 suetorePelsvio.
452 1095 565 1146 Reielrio
577 1089 726 1151 διέκπλους
774 1096 872 1158 fuerit,
889 1094 962 1144 lruud
975 1109 1043 1159 opus
1059 1093 1144 1142 fnisse
1158 1091 1196 1155 (p.
1213 1090 1255 1155 13)
1267 1105 1316 1156 pu·

185 1163 382 1218 sdieotiviloeo
390 1165 508 1229 positum
517 1163 633 1215 videtur.
644 1165 724 1229 Equi·
775 1169 817 1214 tet
827 1179 912 1215 vocuo
923 1165 1022 1228 spetio,
1034 1163 1159 1228 quonium
1169 1161 1221 1213 hee
1231 1175 1316 1210 neres

185 1236 244 1286 dern
254 1235 345 1285 mslim
356 1249 416 1284 enm
427 1233 644 1299 Schweigbuerrs.
652 1227 725 1282 drs'rr-
776 1235 892 1284 maiores
910 1234 979 1283 setis
992 1248 1090 1298 rnngno
1102 1230 1247 1282 intervallo
1261 1231 1315 1280 ism

185 1304 275 1354 πλοον
285 1319 333 1370 pro
343 1303 517 1354 substantivo
527 1303 640 1366 bebere,
655 1304 725 1367 quod
776 1304 883 1355 loeutse
892 1302 1001 1353 inerint.
1009 1303 1077 1353 odeo
1086 1302 1152 1352 utin
1160 1301 1246 1352 sltero
1256 1306 1316 1350 ten-

185 1391 233 1440 per
247 1373 464 1440 oppositionem,
477 1379 630 1434 utvoeent,
646 1373 727 1424 elteri
776 1379 833 1423 tum
849 1377 947 1439 ponte,
961 1374 1009 1438 qui
1025 1373 1242 1437 pentecontoris,
1264 1372 1315 1422 λε.

185 1446 287 1494 nomini
300 1445 421 1494 iunetutn
432 1443 478 1506 sit,
494 1458 554 1495 eum
564 1443 620 1494 iere
631 1444 659 1492 in
671 1458 727 1492 mo·

85 1551 88 1558 ,
186 1515 264 1564 dum:
283 1514 448 1576 „fenestram
462 1522 606 1577 aperturam
618 1515 727 1578 relique-

186 1591 260 1644 runt,
279 1597 350 1647 quse
364 1587 437 1633 esset
454 1576 617 1644 detersione,
633 1583 660 1632 id
676 1585 726 1642 est,

188 1667 256 1717 quse
268 1652 411 1703 inserviret
421 1648 555 1716 ὃιέιιπλφ,
563 1667 633 1717 quse
644 1653 728 1701 mino·

187 1722 333 1773 ribusuevi
354 1721 389 1771 iis
401 1723 543 1786 praeberet
551 1720 728 1772 transitum.“

187 1791 322 1842 Lsrohero
336 1737 486 1848 §elusione
503 1783 667 1854 ὑπόφαυσις
686 1795 729 1842 est

189 1876 245 1923 „nu
262 1875 380 1926 ρεστορε
403 1862 450 1925 qni
464 1861 553 1912 donne
577 1875 631 1910 eux
655 1862 729 1911 osie-

187 1945 272 1982 sesux
289 1929 315 1980 le
327 1929 423 1981 liberte'
437 1929 470 1981 de
488 1945 582 1995 passer
597 1935 625 1981 et
643 1929 676 1980 ds
688 1945 730 1980 re·

187 2001 311 2066 pssssr.“

222 2064 270 2118 sul
287 2063 397 2132 τριχοῦ]
417 2067 435 2120 i.
450 2083 474 2118 s.
489 2083 520 2117 αο
534 2068 614 2118 tritus
634 2070 730 2133 peridem

188 2141 250 2188 loeis
270 2137 390 2204 spatium
406 2136 465 2190 soil.
491 2137 659 2202 reliquerunt
681 2152 730 2188 vs·

189 2223 277 2260 onuru.
313 2207 368 2257 Ubi
389 2206 460 2271 quod
478 2209 653 2272 suspieentur
671 2221 730 2268 τρι-

190 2273 243 2342 χοῦ
264 2276 420 2327 mutandum
442 2277 471 2326 in
487 2275 624 2340 τριηρέων
645 2276 729 2340 (quod

190 2347 274 2397 etium
290 2346 381 2410 plseet
397 2346 456 2396 viro
476 2347 557 2397 dooto
576 2348 618 2398 in:
639 2346 730 2411 Alige-

191 2417 271 2467 mein.
287 2417 402 2466 Literst.
416 2416 484 2466 Zeit.
499 2416 518 2469 l.
532 2415 563 2482 l.)
584 2417 626 2467 vel
640 2415 729 2480 legen-

190 2487 253 2536 dum
269 2481 317 2535 nul
332 2484 470 2548 τριηρέαν
485 2483 599 2550 torpori,
620 2491 651 2536 ut
669 2499 730 2534 sen·

190 2572 237 2607 sus
250 2558 302 2606 sit:
329 2557 436 2619 ιραιὶιιιιι
456 2558 610 2621 reliquerunt
629 2571 730 2606 nasoon

189 2628 254 2676 inter
267 2633 458 2690 pentecontoros
474 2641 553 2691 acque
570 2636 644 2692 utque
657 2627 732 2675 trire-

190 2711 240 2745 mes
261 2695 340 2746 tribus
359 2698 436 2746 locis:
460 2694 487 2744 id
505 2696 610 2762 quidem
627 2696 731 2760 specio·

190 2781 249 2816 snm
267 2765 391 2826 videtur,
415 2779 503 2830 neque
519 2780 584 2815 vero
606 2780 731 2817 neeesse·

191 2836 274 2896 rium,
289 2834 366 2884 libris
383 2835 543 2898 prsesertim
560 2835 670 2900 seriptis
685 2835 731 2884 sd-

191 2904 378 2964 versentibns3
397 2904 470 2968 quod
489 2905 559 2956 enirn
574 2905 603 2954 iu
617 2910 732 2971 utroque

192 2979 274 3040 ponte
285 2973 386 3022 mixtae
401 2979 478 3022 ersnt
491 2973 613 3025 triremes
627 2979 655 3025 et
670 2991 733 3040 pen·

191 3043 326 3094 tecentori
342 3041 442 3106 (neque
454 3057 523 3094 unus
538 3059 606 3108 pons
619 3045 734 3094 triremi·

192 3113 258 3176 hus,
287 3111 356 3162 slter
374 3115 578 3176 pentecontoris
598 3115 732 3176 constitit,

192 3187 223 3234 ut
236 3197 320 3246 snprs
336 3181 514 3247 monuimus),
535 3184 623 3248 potnit
639 3185 734 3248 utique

193 3251 292 3316 triplex
315 3251 387 3301 istud
407 3254 525 3315 spetlum
547 3252 587 3301 ibi
607 3253 734 3318 relinqui,

193 3322 238 3372 ubi
270 3322 460 3386 pentecontori
490 3320 610 3376 stsbunt.
655 3323 733 3372 coni.

192 3390 314 3442 Dietsoh.
329 3389 345 3439 l.
366 3388 383 3440 Ι.
401 3405 464 3455 psg.
481 3390 532 3442 ³08
551 3395 632 3456 stque
647 3393 735 3442 liruse

193 3463 212 3514 l.
231 3462 249 3512 l.
269 3475 331 3525 ρος.
348 3459 396 3510 105
412 3474 469 3525 seq.
503 3461 588 3512 lieote
601 3461 735 3526 Schweig-

193 3532 339 3582 hsenserus
355 3530 382 3579 in
397 3534 463 3580 ποτε
481 3529 516 3580 sd
531 3529 558 3580 h.
575 3529 609 3580 l.:
629 3531 736 3594 „Alter-

193 3605 236 3652 nis
251 3602 359 3651 iunctae
373 3605 452 3650 ersnt
466 3602 590 3651 triremes
604 3606 632 3652 st
650 3617 734 3652 πονοι

193 3669 290 3734 longse
310 3670 369 3720 sire
387 3671 592 3735 pentecontori:
618 3671 698 3722 tribur
711 3675 735 3722 in

194 3744 256 3790 loris
270 3741 339 3789 inter
352 3739 421 3790 duss
435 3741 558 3792 triremes
570 3741 662 3791 adsint
673 3757 735 3804 pen-

195 3817 351 3866 recensurus:
376 3813 404 3859 et
418 3810 553 3874 spatium,
572 3814 626 3875 quit
646 3817 736 3861 truns-

194 3879 266 3928 irent
278 3878 382 3927 minors
398 3879 526 3944 navigia,
541 3895 657 3929 vacuum
674 3879 737 3929 reli-

196 3951 267 3996 etum
285 3947 382 3998 erst.“
422 3947 520 4013 ltaque
539 3965 633 4000 vocem
658 3963 734 4012 τριη-

197 4009 276 4076 ρέων,
293 4031 372 4080 qunm
383 4017 445 4067 inde
455 4033 472 4067 s
482 4018 607 4069 Belrlrero
620 4023 735 4072 reeentt.

197 4085 255 4134 edd.
276 4091 449 4150 receperunt,
467 4087 581 4150 sustuli,
602 4103 651 4138 nee
670 4091 737 4139 seri-

196 4155 250 4218 ptis
265 4153 341 4204 libris
355 4155 496 4219 probatem
511 4173 560 4207 nee
572 4159 680 4208 omniuo
691 4175 739 4208 ne·

195 4223 353 4274 cessarium.
365 4225 418 4286 Qui
426 4224 538 4276 slterrrm
547 4232 655 4291 pontem
666 4243 736 4280 eum·

197 4309 248 4358 que
261 4293 414 4344 interiorem
424 4309 439 4343 e
448 4294 513 4345 solis
524 4300 736 4359 pertenentem,

196 4362 310 4414 alterurn
326 4377 440 4427 eumque
456 4365 621 4430 superiorem
641 4383 655 4418 e
672 4367 737 4418 solis

196 4432 353 4484 triremibus
372 4434 527 4486 constitisse
553 4437 634 4488 sumit
652 4437 735 4501 Kree,

777 1443 926 1493 minoribus
940 1442 1071 1506 navibus,
1086 1442 1256 1501 eonstiterit,
1272 1456 1317 1490 ne-

775 1529 852 1564 oesse
870 1512 952 1562 luerit
972 1513 1089 1582 spetlum
1104 1527 1219 1562 vacuum
1236 1509 1317 1560 relin-

777 1598 867 1648 quere.
897 1582 963 1632 Iude
979 1583 1049 1633 idem
1062 1583 1104 1632 vir
1117 1581 1213 1632 doetus
1228 1579 1266 1645 (p.
1286 1579 1316 1631 tn

777 1651 847 1718 seq.)
863 1651 1059 1716 longitudinem
1072 1652 1209 1702 interioris
1227 1650 1317 1714 pontis

777 1723 852 1773 recti
867 1720 943 1772 ducti
959 1727 986 1772 et
999 1737 1013 1772 e
1026 1720 1159 1772 cccxlv
1171 1725 1317 1786 pentecon-

778 1795 845 1844 toris
863 1791 961 1842 etruoti
978 1791 1107 1842 secedere
1127 1790 1210 1840 ferme
1229 1789 1263 1839 sd
1279 1805 1319 1838 se-

776 1871 842 1926 ptem
854 1861 945 1912 stndis
962 1859 1028 1924 (vid.
1042 1865 1113 1913 nott.
1128 1860 1162 1910 ud
1175 1860 1244 1922 Vll,
1261 1857 1317 1923 34),

778 1931 925 1996 superioris
940 1932 1029 1997 pontis
1038 1935 1195 1982 transverse
1205 1929 1281 1978 ducti
1292 1933 1319 1980 et

779 2019 793 2054 e
806 2000 923 2052 CCCLX
936 2000 1092 2051 triremibus
1108 1999 1252 2064 compositi
1267 2006 1318 2048 trs·

779 2073 856 2122 decim
879 2069 972 2119 stedia
997 2085 1141 2134 supersre,
1168 2071 1319 2118 monstraro

779 2144 962 2192 constusest.

815 2205 1012 2274 στρεβλοῦντες
1026 2197 1120 2256 ὄνοισι
1134 2202 1272 2267 ξυλίνοισι
1286 2195 1322 2252 τὰ

778 2266 864 2344 ὅπλα]
886 2279 904 2328 i.
918 2295 942 2328 e.
956 2277 1113 2328 intenderunt
1125 2292 1139 2326 e
1155 2283 1227 2326 terro
1244 2275 1321 2324 conti-

778 2355 853 2400 nente
876 2349 1011 2406 rudentes,
1039 2360 1100 2412 quor
1117 2347 1205 2412 lipneis
1228 2345 1322 2396 surrilis

778 2417 943 2484 torquebunt,-
965 2415 1125 2468 vernuenle:
1153 2417 1209 2478 „sis
1228 2429 1321 2478 ιρπππ-

780 2497 820 2540 ten
834 2504 886 2540 νοπι
901 2487 976 2538 Laud
989 2501 1035 2536 nus
1046 2488 1085 2536 die
1099 2487 1166 2536 Tune
1177 2501 1222 2545 απ,
1235 2485 1323 2535 diesie

779 2559 829 2620 aus
837 2558 970 2608 ldlzernen
984 2557 1093 2607 Windsn
1105 2555 1242 2614 dreiten,“
1254 2554 1321 2610 sire,
1420 2581 1423 2587 ·

782 2629 946 2691 Πραινέστιοι
961 2627 1109 2677 λοελτετπει·
1128 2624 1270 2688 λίῖπστπῤ*
1291 2627 1322 2672 ut

780 2699 903 2763 Lsngius
926 2696 1054 2748 reddidit.
1088 2685 1152 2746 ὄνοι
1175 2694 1201 2747 h.
1223 2693 1241 2745 l.
1258 2699 1322 2744 sunt

781 2757 901 2826 ὅνισιιοι,
915 2769 1019 2822 univisti,
1032 2768 1143 2826 εαοαίαε,
1158 2781 1180 2818 s.
1195 2762 1323 2814 ιπαολίποτ

781 2841 898 2890 ιταολονίι·
906 2840 1015 2902 pencris,
1026 2839 1139 2886 notente
1146 2833 1321 2898 Wesseling..

783 2910 829 2972 qui
839 2909 909 2958 oitst
918 2905 1013 2959 (islen.
1022 2904 1109 2956 Gloss.
1119 2905 1249 2969 Hippoor.
1260 2903 1321 2953 nbi:

782 2971 945 3036 ὀνεέεσθαι,
955 2965 1046 3041 ἤγουν
1058 2965 1100 3024 δι’
1110 2964 1187 3024 ὅταν
1196 2965 1322 3034 ἐπιστρο-

782 3045 841 3114 φῆς
853 3045 965 3100 τείνειν.
994 3035 1056 3095 ὄνοι
1073 3037 1125 3108 γὰρ
1141 3037 1187 3092 καί
1201 3033 1322 3104 ὅνισιιοι,

784 3113 814 3168 ol
828 3109 942 3179 ἄξονες,
959 3120 986 3166 et
999 3116 1033 3165 ed
1043 3115 1208 3179 Hippoerst.
1219 3114 1260 3163 De
1271 3111 1325 3162 irn-

784 3193 854 3240 otur.
869 3203 930 3252 pag.
944 3186 1004 3237 551.
1020 3183 1147 3235 Eusteth.
1160 3185 1188 3233 in
1200 3181 1325 3233 Erotisn.

785 3273 846 3323 png.
857 3258 890 3308 82
907 3274 927 3307 s.
942 3271 968 3320 p.
978 3255 1029 3304 275
1041 3255 1140 3305 Frsnz.
1152 3244 1186 3300 τὰ
1197 3243 1270 3301 ὅπλα
1282 3267 1324 3299 rn-

785 3330 962 3382 deiecerunt,
976 3329 1007 3374 ut
1020 3324 1083 3379 v11.
1095 3323 1138 3376 25,
1165 3321 1325 3372 Adscribsm

784 3398 840 3460 his,
857 3409 926 3456 oneo
938 3398 1053 3444 annotet
1065 3391 1197 3442 Folsrdus
1210 3391 1228 3442 l.
1243 3405 1327 3455 suprs

784 3467 801 3520 l.
830 3465 887 3528 „lls
905 3481 939 3516 ne
958 3463 1092 3514 tordirent
1110 3475 1160 3527 pss
1178 3461 1217 3512 les
1232 3459 1326 3511 eords-

785 3552 847 3600 ges:
868 3533 901 3584 ils
918 3533 1022 3586 etaient
1036 3531 1098 3596 deje
1113 3531 1221 3592 tordus;
1244 3546 1279 3581 on
1293 3543 1327 3579 ns

785 3606 816 3657 tit
827 3620 878 3671 que
889 3604 928 3654 les
940 3602 1034 3654 tendre
1045 3607 1072 3653 et
1081 3601 1120 3653 les
1130 3601 1234 3652 bender
1243 3617 1292 3666 psr
1302 3599 1327 3650 le

785 3689 882 3740 moyen
900 3674 933 3724 de
950 3672 1083 3734 plusieurs
1103 3671 1258 3723 osbestuns.
1290 3669 1328 3719 Co

786 3743 864 3796 esble
884 3743 916 3796 de
936 3743 1053 3794 chunvre
1072 3741 1140 3807 qu'il
1161 3741 1202 3790 dit
1220 3741 1272 3791 init
1295 3739 1328 3790 de

787 3817 857 3866 deux
867 3813 991 3869 cerdone,
1000 3811 1069 3862 siluit
1078 3810 1206 3876 eomposd
1214 3811 1247 3862 de
1257 3809 1328 3860 deux

786 3885 928 3936 hsnsidres
944 3884 988 3948 qui
1001 3887 1063 3933 sont
1074 3881 1144 3932 deux
1155 3881 1246 3932 esbles
1260 3878 1329 3929 ordi·

787 3955 877 4006 nsires
891 3953 1007 4004 tortillds
1022 3950 1173 4012 ensemble,
1190 3955 1217 4000 et
1229 3949 1328 3998 l'sutre

787 4025 820 4075 de
836 4029 933 4089 quatre
948 4021 1099 4073 hunsidres.
1131 4020 1154 4070 ll
1173 4019 1262 4069 islloit
1276 4031 1327 4080 que

787 4094 858 4146 celui
877 4095 910 4144 de
930 4092 1050 4144 ebsnvre
1068 4090 1111 4140 stt
1136 4087 1329 4139 iurieusernent

788 4165 857 4224 tort,
881 4164 995 4228 puisque
1009 4162 1113 4226 elrsque
1127 4156 1228 4210 ooudde
1241 4154 1330 4222 pdsoit

787 4233 932 4285 nutelent.

823 4295 916 4352 οέιιέτι
936 4294 1022 4366 χωρὶς
1046 4289 1162 4356 ἑκάτερα
1182 4287 1329 4358 τάξαντες]

788 4373 807 4426 i.
822 4389 845 4424 e.
857 4387 912 4422 non
924 4369 1041 4435 emplius
1052 4366 1164 4418 seorsim
1178 4363 1221 4428 (ut
1231 4363 1290 4415 seil.
1302 4365 1329 4414 in

788 4441 879 4508 priori
889 4441 1012 4493 isoersnt
1028 4441 1125 4506 ponte,
1139 4435 1209 4502 Vll,
1222 4435 1266 4504 25)
1283 4435 1330 4487 sd-
