2958 5010
461 333 728 396 POLYMNIA.
751 332 822 394 VII.
847 342 906 398 183.
931 340 990 398 tet.
1225 327 1285 392 729

162 517 267 579 είκοσι
293 507 459 596 μυριάδας
485 509 540 578 καί
560 506 641 596 πρδς
665 506 797 595 χιλιάδα
823 535 859 578 τε
884 508 939 576 καί
958 513 1207 594 τετρακοσίους,
1242 499 1286 585 ὡς

161 611 225 682 άνά
247 619 438 700 διηκοσίους
460 609 586 699 ἄνδρας
605 615 843 700 λογιζομένοισι
865 615 902 682 έν
921 611 1042 700 ἑκάστη
1060 617 1127 699 νηί.
1164 609 1284 697 ἐπεβά-

162 743 261 786 τευον
283 715 319 786 δὲ
339 717 394 785 ἐπί
409 719 554 786 τουτέων
574 717 644 786 τοῖν
664 720 768 802 νεάν,
791 717 891 803 χωρίς
912 716 1060 784 ἑκάστων
1074 719 1142 783 τῶν
1163 716 1284 800 έιιιχω-

162 828 246 908 ρίων
265 821 467 907 ἐπιβατέων,
495 822 654 906 Περσέων
672 847 708 890 τε
727 820 783 888 καί
804 819 937 908 Μήδων
958 821 1012 888 καί
1031 820 1173 888 Σακέων
1191 815 1284 906 τριή-

161 951 263 994 κοντα
275 921 406 1010 άνδρες.
443 913 539 1004 οὗτος
552 920 651 1004 ἄλλος
663 919 775 1012 ὅμιλος
796 930 922 1010 γίνεται
936 921 1124 1011 τρισμύριοι
1143 923 1196 991 καί
1213 923 1284 1003 ἑξα-

161 1035 314 1114 κισχίλιοι
341 1025 499 1114 καὶπρὸς
523 1026 686 1116 διηκόσιοί
706 1054 742 1096 τε
766 1028 821 1096 καί
843 1030 933 1097 δέκα.
971 1020 1152 1112 προσθήσω
1181 1021 1213 1092 δ’
1237 1031 1286 1094 ἔτι

160 1130 267 1224 τούτῳ
289 1133 344 1200 καί
364 1134 411 1224 τῷ
431 1133 581 1230 προτέρη)
603 1127 736 1224 άριθμςό
758 1127 835 1210 τούς
857 1134 895 1200 έκ
914 1135 982 1198 τῶν
1002 1130 1286 1217 πεντηκοντέρων,

161 1233 318 1323 ποιήσας,
339 1229 407 1302 ὅτι
430 1237 532 1306 πλέον
553 1227 596 1323 ἦν
616 1231 729 1304 αὐτοῖν
741 1227 763 1322 ἢ
776 1240 933 1316 ἔλασσον,
954 1227 998 1302 άν
1013 1229 1205 1320 ὀγδώκοντα
1226 1229 1285 1300 άν-

163 1346 244 1426 δρας
260 1341 395 1408 ένεῑναι.
432 1341 620 1425 συνελέχθη
634 1337 671 1406 δὲ
684 1342 789 1406 ταῦτα
802 1335 842 1406 τά
855 1346 972 1420 πλοῖα,
995 1333 1038 1418 ὡς
1056 1337 1112 1405 καί
1124 1334 1288 1424 πρότερόν

161 1467 217 1530 μοι
232 1444 365 1529 είρέθη,
386 1449 558 1529 τρισχίλια.
591 1438 657 1529 ἤδη
673 1432 721 1509 ὧν
735 1437 857 1528 ἄνδρες
876 1437 919 1509 νίν
934 1439 1003 1510 elev
1018 1442 1055 1509 έν
1067 1436 1198 1508 αὐτοῖσι
1212 1440 1287 1508 τέσ·

161 1566 257 1632 σερες
276 1543 436 1633 μυριάδες
458 1547 514 1614 καὶ
535 1553 649 1614 ιίκοσι.
696 1549 800 1614 Τοῦτο
822 1546 884 1633 μέν
906 1573 970 1614 νυν
989 1541 1026 1613 τδ
1046 1545 1082 1613 έκ
1102 1548 1159 1631 τῆς
1181 1539 1289 1630 Ἀσίης

162 1751 250 1816 eopiis
263 1765 351 1802 reeens
370 1753 398 1801 iu
410 1753 519 1818 Europa
537 1753 699 1820 conscriptis
749 1768 775 1806 ιι.
791 1769 815 1807 τ,
831 1751 867 1819 t]
888 1753 905 1802 i.
917 1767 939 1802 e.
953 1766 1049 1815 peneus
1060 1753 1085 1800 ίιι
1099 1751 1130 1801 iia
1138 1752 1199 1814 plus
1210 1751 1288 1800 minua

163 1838 196 1872 ex
221 1821 272 1882 iis,
294 1835 362 1885 quus
380 1837 427 1872 rex
444 1821 636 1887 perlustrarat,
659 1837 700 1874 rs·
748 1825 831 1874 inesse
844 1825 1063 1887 octopeuoaoirer.
1094 1820 1211 1871 Verbum
1225 1834 1288 1868 nut-

162 1889 298 1957 giouibus.
337 1891 468 1941 Effieiunt
483 1897 573 1942 autem
591 1893 641 1944 hae
656 1909 701 1944 eo·
750 1894 923 1956 είνμωιιιισί,
938 1891 1052 1956 stupendi
1061 1905 1143 1941 seusu
1154 1906 1201 1954 pro
1211 1886 1288 1939 τιθέ-

162 1962 372 2026 piaeuumerum
385 1961 634 2023 militinensem
659 1961 700 2012 Ad
750 1978 797 2012 και
809 1961 959 2012 illustravit
971 1959 1133 2010 Valokeuar.
1146 1959 1287 2010 Demosth.

161 2033 251 2095 ipsum
269 2031 381 2080 navium
397 2045 535 2082 numerum
550 2031 700 2095 eoul.V11,
749 2033 810 2083 loeo
823 2033 852 2082 in
865 2037 934 2081 erut.
946 2031 1052 2094 Leptin.
1068 2045 1095 2094 p.
1106 2029 1170 2088 279,
1184 2027 1217 2080 36
1230 2027 1288 2093 (eui

161 2101 196 2151 89
214 2101 281 2165 ibiq.
295 2107 364 2149 nott.
380 2101 452 2152 etde
470 2102 614 2167 participio
628 2100 701 2164 λοηι-
752 2104 798 2154 Cr.
815 2101 891 2151 addit
909 2099 1022 2150 similem
1035 2098 1138 2148 Plotini
1153 2099 1241 2149 locum
1261 2113 1287 2162 p.

161 2168 304 2232 ζομένοιοι
322 2168 353 2234 (i.
368 2187 392 2222 ε.
408 2175 432 2222 ω·
444 2173 487 2236 qui
503 2180 647 2234 computare
660 2185 701 2221 oe·
751 2170 838 2224 5399.
853 2169 965 2234 oete.)
980 2175 1008 2220 et
1018 2169 1139 2234 Xenoph.
1152 2169 1241 2217 Aneb.
1253 2169 1287 2228 V,

163 2237 218 2303 liet)
231 2239 330 2288 Matth.
343 2239 389 2290 Gr.
401 2239 447 2292 Gr.
462 2243 485 2305 ξ.
497 2241 558 2303 388,
571 2241 597 2293 b.
609 2257 648 2301 c.;
668 2239 701 2290 de
751 2243 777 2304 t,
792 2240 809 2290 9
826 2245 942 2305 apteque
958 2240 1040 2289 etiam
1056 2237 1089 2288 de
1102 2239 1231 2288 Romanis
1242 2236 1295 2305 ad..

162 2309 374 2374 praepositionis
385 2302 442 2359 άνά
459 2325 509 2362 ssu
523 2309 615 2376 (eirca)
628 2311 701 2362 eous.
752 2311 870 2367 monuit,
889 2310 935 2376 qui
952 2325 984 2360 eo
1001 2323 1082 2359 seusu
1097 2307 1191 2357 dieunt
1203 2311 1288 2372 finpa-

163 2378 202 2429 tv
227 2378 285 2432 101.
751 2397 816 2442 νινε,
840 2382 980 2444 faciamus,
1000 2380 1054 2442 sao.
1096 2377 1167 2428 Hine
1189 2379 1289 2428 Noster

197 2413 367 2513 έπεβάτευον
391 2441 421 2496 δέ
438 2463 464 2498 κ.
486 2464 509 2498 τ.
529 2447 566 2515 λ,·]
592 2451 653 2500 Hoe
668 2449 701 2500 de
751 2450 832 2517 paulo
857 2449 970 2498 interius
992 2444 1107 2512 πλῆθος
1135 2440 1289 2510 ποιήσας

159 2519 390 2582 μτομιιριιαιοιίίιιιε
403 2531 425 2566 s.
437 2517 552 2570 militibus
562 2521 703 2570 classiariis
752 2515 919 2582 δισμυρίους
935 2507 1042 2579 ἄνδρας
1057 2521 1084 2566 et
1094 2517 1155 2574 VII.
1168 2515 1225 2577 186,
1242 2516 1289 2566 ubi

164 2586 377 2652 intelligendum.
395 2588 456 2638 Vid.
466 2593 535 2638 nott.
544 2589 578 2640 sd
587 2587 701 2646 vlint.
751 2590 824 2641 oeni.
840 2593 909 2640 nott.
948 2588 990 2637 Ad
1007 2587 1153 2636 dictionem
1169 2575 1289 2651 πλέονῆ

162 2657 215 2720 Qui
236 2673 302 2708 sero
323 2673 384 2708 mox
402 2663 537 2709 vocantur
554 2649 702 2734 ᾗιχοίριοι
752 2653 884 2720 ἔλασσον,
900 2650 1013 2716 similius
1024 2657 1143 2720 iaciunt,
1155 2656 1288 2722 quaeLo·

161 2716 305 2792 ἐπιβάται,
321 2728 421 2778 ducenti
428 2744 551 2791 numero,
563 2744 609 2780 eos
622 2731 702 2794 putet
748 2725 829 2780 beck.
852 2729 955 2780 excitat
976 2728 1003 2776 iu
1016 2725 1147 2792 Aglaopn
1161 2741 1223 2791 pag.
1239 2725 1289 2778 385

161 2795 314 2863 Schweigh.
328 2811 389 2849 esse
403 2805 506 2859 nautor,
525 2800 644 2864 ντνάρεε,
663 2800 702 2848 iu·
745 2797 809 2852 not.
849 2797 917 2849 Add.
938 2797 1049 2846 Lucian.
1069 2797 1182 2850 Demos.
1202 2798 1227 2859 5.
1249 2795 1289 2844 10.

162 2867 275 2931 δίρτκνι,
289 2868 308 2916 i.
317 2882 340 2916 e.
355 2883 387 2917 ex
398 2868 432 2917 iis
447 2869 618 2930 civitatibus,
634 2883 703 2934 quus
753 2869 798 2935 (Τ.
821 2869 859 2920 ΙΙ.
883 2881 945 2934 pag.
967 2866 1017 2918 236
1035 2866 1117 2931 sip).
1139 2892 1170 2902 -
1196 2860 1290 2915 αὐταῖν

162 2950 246 2986 nares
257 2936 447 3000 praebuerant,
456 2939 702 3002 conscriptorum
752 2939 813 2992 dedi
827 2954 875 3004 pro
890 2930 1006 2987 αίτέων.

162 3009 377 3070 propugnatores
401 3023 422 3056 s.
442 3006 578 3058 classiarii
599 3011 702 3073 triptota
787 3000 824 3066 τίς
834 3003 881 3057 καί
892 3001 1032 3070 πρότερόν
1041 3019 1089 3068 μοι
1099 2996 1216 3068 είρήθη]
1228 3003 1290 3053 Vid.

162 3073 190 3122 in
204 3088 366 3138 unaquaque
382 3077 447 3125 navi
462 3076 561 3128 milites
578 3078 703 3129 ePersu·
752 3094 835 3144 supra
854 3079 920 3142 v11,
936 3076 980 3128 97.
1015 3075 1087 3126 Msle
1106 3073 1291 3124 hieSohaet‘e·

162 3157 234 3202 rum,
260 3141 414 3201 Medorum,
439 3145 568 3196 Sacarum
592 3162 703 3198 numero
752 3165 799 3199 rus
813 3149 927 3199 retinuit
940 3140 1054 3211 ιίρήθη.
1090 3143 1289 3206 eonr.1v,77.

163 3209 242 3261 electi
262 3216 370 3270 esseut,
390 3211 426 3261 oi.
444 3214 512 3272 vti,
530 3214 572 3266 96.
604 3217 704 3279 Quem·
755 3219 814 3271 luo.

164 3296 242 3346 qtrum
256 3281 329 3330 inire
343 3281 402 3332 185.
416 3281 465 3334 186
479 3284 560 3333 etiarn
573 3283 703 3337 ducentes
734 3311 738 3320 ·
786 3277 845 3351 ἤδη
863 3273 903 3334 siv
916 3275 1018 3347 ἄνδρες
1033 3275 1070 3333 άν
1084 3273 1151 3347 εἶεν]
1175 3281 1291 3332 Restitui

162 3350 266 3402 illosin
285 3351 413 3401 universo
434 3347 490 3400 τάν
508 3351 638 3417 μαχίμων
656 3345 705 3402 άυ-
754 3371 815 3406 eum
835 3354 1002 3418 Schweigh„
1030 3352 1134 3414 liniet,
1158 3352 1291 3408 Belikero,

162 3417 240 3485 δράυ
253 3435 367 3471 numero
380 3422 585 3486 comprehendit
596 3426 703 3475 Noster.
753 3429 960 3490 quemreoentt
974 3421 1033 3473 edd.
1050 3425 1207 3487 sequuntur,
1221 3421 1292 3470 harre

161 3491 193 3541 In
205 3493 305 3542 Atticis
315 3490 441 3552 suvibus,
457 3508 528 3557 quae
540 3491 705 3544 Salaminiae
753 3493 914 3552 leetiouem.
936 3509 953 3543 a
969 3491 1078 3543 Sehsef.
1098 3497 1126 3541 et
1139 3491 1292 3540 Matthiseo

162 3577 268 3626 pugnus
290 3559 490 3622 interfuerunt,
516 3563 631 3628 singulis
650 3579 704 3613 non
754 3563 892 3615 Seuerolti
908 3563 969 3612 libri
990 3567 1072 3628 utque
1089 3560 1199 3610 alterius
1214 3559 1293 3630 ,eodi-

162 3633 215 3680 nisi
230 3632 363 3682 octodecim
380 3637 596 3697 propugnatores
610 3633 703 3694 luisse,
753 3635 793 3684 eis
813 3634 978 3685 austeritate
999 3647 1138 3698 perperam
1160 3635 1292 3680 mutatam

162 3707 246 3764 atque
260 3701 288 3749 in
303 3700 380 3751 hisee
401 3707 531 3766 quattuor
545 3704 704 3766 sagittarios
754 3705 781 3754 in
794 3695 851 3767 ἤδη
865 3693 906 3752 (δυ
922 3691 962 3751 άν
977 3689 1035 3766 ἦν,
1056 3702 1144 3751 eisota
1159 3715 1226 3750 voce
1245 3689 1292 3747 άν-

163 3769 261 3819 seribit
278 3769 418 3822 Pluturoh.
434 3772 567 3823 'l'hemist
586 3775 624 3824 14.
641 3788 702 3839 pag.
754 3771 833 3836 δρας,
863 3775 948 3824 Recte
969 3773 1039 3824 enim
1059 3769 1295 3834 Schweighaeuse-

164 3839 252 3890 llllB.
290 3839 532 3893 Observutsutem
549 3842 716 3906 Rennel.p..
754 3859 815 3895 rus:
841 3843 926 3908 „Cum
945 3857 1030 3893 naves
1046 3841 1124 3892 modo
1138 3840 1294 3889 nominatae

162 3909 222 3968 499,
235 3908 349 3960 similem
363 3909 450 3961 udhuo
463 3913 490 3962 iu
503 3912 619 3962 nasibus
630 3910 705 3962 belli·
753 3914 872 3974 fuerint,
891 3919 963 3964 recto
982 3927 1055 3962 nunu
1067 3907 1227 3961 vocabulum
1245 3899 1295 3954 άν-

162 3978 202 4026 eis
216 3977 339 4028 obtinere
349 3981 490 4044 rationem,
504 3983 531 4032 in
545 3981 642 4046 quibus
656 3982 704 4032 du·
755 3979 820 4044 δρες
836 3985 979 4034 adiicitur:
1000 3997 1080 4046 porro
1099 3979 1246 4029 dictionem
1258 3965 1296 4024 άν

162 4047 236 4096 oenti
262 4053 289 4097 et
315 4049 498 4115 quadraginta
525 4057 627 4102 nautae
649 4067 705 4101 uns
754 4045 1295 4118 elevrequirebutmeusscriptoris,nou

162 4131 222 4166 eum
238 4117 351 4182 triginta
363 4125 466 4184 septem
480 4120 704 4172 militibuscollo·
753 4111 790 4170 ίίν
802 4108 855 4186 ἦν,
877 4122 921 4172 eui
935 4123 991 4170 alia
1004 4122 1047 4169 vis
1062 4117 1165 4168 inest.“
1195 4115 1296 4166 Proba-

162 4191 267 4236 eentur.
306 4187 439 4238 Ellieiunt
455 4189 484 4238 hi
502 4191 616 4255 triginta
637 4189 705 4240 mili·
754 4193 890 4242 vitellum
903 4187 1294 4250 G.Hermsnn:0pusee.lv.

162 4262 204 4305 tes
214 4257 241 4304 iu
250 4257 368 4306 nuribus
380 4258 452 4309 mille
463 4260 591 4310 diruentis
599 4267 703 4322 septem
755 4277 816 4327 pag.
834 4261 898 4319 199,
919 4275 979 4310 enm
995 4259 1038 4308 hie
1060 4259 1093 4307 de
1113 4273 1141 4306 re
1159 4255 1296 4320 praesenti

162 4325 290 4403 collocuti
305 4341 435 4378 summam
450 4329 565 4380 militum
581 4328 678 4384 tusto.
755 4337 854 4390 aretur
878 4345 965 4394 neque
992 4329 1092 4392 epponi
1118 4326 1206 4392 possit
1232 4318 1292 4373 ἀλλ’

202 4409 339 4461 ποιησας,
364 4385 425 4448 ὅτι
446 4391 533 4448 πλέον
553 4387 590 4465 ἦν
609 4393 704 4450 αάτοίν
755 4394 806 4451 oris
824 4387 870 4465 ἦν.
909 4399 966 4451 Nee
984 4397 1064 4448 sliter
1082 4395 1294 4461 11,o.1v,195
