3010 4966
227 369 287 433 142
658 366 925 442 HERODOTI

227 552 406 634 Κορίνθιοι
420 543 483 633 μίν
496 547 620 632 προῖτοι
634 543 695 630 opi
709 537 838 611 αὐτοῖσι
854 539 968 622 δόντες
982 537 1083 628 λόγον
1088 591 1098 625 ,
1116 532 1160 618 τίς
1173 533 1214 628 οὐ
1228 553 1358 606 ποιοῖεν

226 647 267 719 τοί
282 655 410 734 ιίίκαια,
428 645 668 736 μετεβάλλοντό
681 673 716 713 τε
733 646 788 714 καί
808 641 1075 730 ἀπαλλάσσοντο,
1094 638 1175 730 perd
1190 641 1226 709 ιίὲ
1241 640 1356 729 Δημαί-

228 779 325 841 ρητος
345 747 363 818 ὁ
386 747 580 838 Ἀρίστωνος
594 746 660 817 έοίν
673 750 729 817 καί
742 738 838 828 οὗτος
852 745 1008 836 βασιλεὺς
1021 747 1278 834 Σπαρτιητέων,
1302 747 1359 812 καί

227 852 463 942 συνεξαγαγών
490 879 525 921 τε
544 851 605 940 τὴν
625 849 783 940 στρατιὴν
803 855 839 920 ἐκ
860 856 1109 938 Λακεδαίμονος
1135 849 1191 916 καί
1209 845 1272 916 οὐκ
1293 845 1359 916 ἐοίν
1425 883 1431 898 ·

228 957 386 1044 διάφορος
401 961 438 1026 ἐν
451 960 498 1047 τῷ
512 955 663 1044 πρόσθεν
675 953 785 1046 χρόνῳ
799 958 989 1043 Κλεομένεϊ.
1024 949 1101 1022 Ἀπὸ
1117 951 1153 1020 δὲ
1168 951 1288 1038 ταύτης
1302 954 1358 1037 της

228 1067 436 1148 διχοστασίης
450 1063 549 1147 ἐτέθη
563 1059 663 1147 νόμος
678 1062 715 1127 έν
728 1057 885 1146 Σπάρτη,
900 1054 944 1145 μὴ
959 1059 1079 1138 ἐξεῖναι
1093 1058 1236 1124 ἕπεσθαι
1249 1051 1356 1141 ἀμφο-

226 1168 342 1255 τέρους
357 1161 433 1243 τούς
448 1165 622 1251 βασιλέας,
643 1160 791 1248 ἐξιούσης
811 1153 868 1247 τῆς
881 1163 1048 1248 στρατιῆς·
1076 1161 1156 1237 τέως
1170 1155 1235 1246 γὰρ
1249 1153 1356 1245 ἀμφό-

261 1355 472 1430 μετεβοίλλοντο]
484 1363 528 1412 lte
539 1359 678 1411 meliorum
688 1359 766 1410 codd.
817 1361 851 1412 V.
863 1361 898 1410 H.
914 1353 1031 1423 1,30;id
1047 1357 1119 1424 quod
1132 1357 1249 1408 maxime
1260 1372 1358 1408 eonve—

227 1450 242 1484 e
267 1448 401 1484 consensu
431 1432 493 1482 dedi
516 1446 564 1496 pro
591 1423 766 1494 μετέβαλλον,
817 1431 859 1479 nit
874 1428 1154 1480 Herodoteisverbis:
1171 1420 1357 1490 πρότοῦηὰρ

228 1503 299 1568 quod
321 1519 354 1553 ex
372 1501 471 1552 Aldina
488 1501 615 1563 fluxerat,
640 1499 767 1564 quodque
817 1493 854 1562 δὴ
872 1494 919 1547 καί
937 1487 1015 1547 οὗτοι
1037 1491 1194 1562 ἀμφότεροι
1212 1489 1360 1558 ἐπίκλητοί

227 1579 254 1622 et
269 1573 357 1636 ipsum
370 1576 444 1620 stare
456 1585 535 1634 posse
549 1569 597 1618 elii
613 1567 713 1618 docent
728 1569 768 1618 lo·
818 1582 868 1632 σφι
889 1560 982 1623 ἐόντες
999 1563 1133 1629 εἵποντο,
1153 1567 1200 1618 ubi
1213 1555 1356 1628 έπιίιλητοι

226 1642 266 1698 ei,
291 1641 337 1690 ubi
356 1644 476 1690 activum
495 1639 607 1688 notione
626 1639 767 1702 reciproca
818 1635 1358 1703 (quisolemnitererooatisuntadopem

226 1711 348 1774 adeoque
360 1710 472 1774 passiva
484 1708 620 1772 reperitur
632 1707 654 1768 l,
668 1708 710 1757 οῦ.
722 1706 767 1758 uu.
817 1705 1021 1772 praestandam)
1045 1705 1107 1756 inde
1131 1720 1240 1770 quoque
1257 1706 1357 1754 iutelli-

225 1779 310 1844 VlIl,
334 1779 392 1830 lua.
411 1779 478 1840 VII,
501 1777 563 1840 170,
582 1777 681 1840 quibus
703 1775 765 1826 add.
817 1771 1079 1841 ροοίοτσιὶμμαχοι.
1106 1775 1280 1824 Conteliam
1295 1775 1357 1836 v11,

226 1849 355 1900 Gataker.
374 1847 409 1897 ad
424 1846 605 1906 Antoninv,
622 1845 660 1898 13.
688 1843 766 1896 Unde
816 1846 867 1896 203
881 1846 972 1911 ibique
986 1851 1057 1895 nott.
1082 1845 1153 1894 Hine
1167 1843 1356 1894 dimicantibus

226 1917 498 1982 Schweighaeuserus
514 1917 542 1965 in
558 1915 650 1963 Lexie.
663 1914 765 1964 Herod.
816 1915 856 1965 illi
869 1916 964 1986 adesse
982 1916 1149 1979 putabantur
1162 1913 1310 1975 salutares,
1327 1917 1358 1961 ut

226 1987 275 2050 (11.
287 2003 350 2052 pag.
362 1985 408 2049 99)
421 1976 621 2050 μετεβάλλοντο
635 1983 765 2034 escholio
817 1989 894 2049 patet
906 2001 938 2034 er
952 1985 1076 2034 Frontiu.
1092 1985 1119 2045 1,
1136 1983 1176 2033 ll.
1190 1986 1214 2046 ξ.
1228 1985 1253 2034 9.
1275 1983 1356 2046 Poly-

225 2063 320 2106 natum
331 2057 419 2106 videri
431 2055 535 2116 scribit,
548 2053 620 2117 quod
634 2053 699 2102 milri
710 2054 766 2103 dis·
817 2069 876 2104 aen.
891 2053 1007 2118 1,41.§.
1024 2054 1046 2104 i.
1060 2054 1098 2115 ΙΙ,
1111 2053 1153 2104 31.
1168 2056 1192 2114 §.
1208 2054 1232 2101 i.
1247 2051 1303 2102 Cic.
1315 2053 1356 2101 De

225 2126 323 2190 plicet,
342 2125 388 2190 qni
403 2139 463 2174 eum
482 2127 597 2173 reeentt.
614 2123 674 2172 edd.
693 2124 765 2172 inta—
817 2131 872 2174 nat.
886 2125 958 2174 deor.
970 2123 1008 2186 ll,
1020 2125 1044 2184 2,
1057 2121 1167 2174 ubivid.
1177 2121 1272 2170 Daris.
1286 2122 1355 2170 Nam

224 2201 297 2246 etum
310 2194 408 2259 reliqui
418 2187 626 2258 μετεβάλλοντο.
646 2193 678 2241 lu
688 2207 763 2258 seqq.
816 2209 885 2258 quae
899 2191 1119 2242 Hemsterhusius
1134 2191 1245 2256 collegit
1256 2192 1291 2241 ad
1303 2192 1357 2240 Ln-

225 2263 363 2314 Gaisiord.
378 2259 520 2330 βασιληας,
534 2261 606 2326 quod
621 2262 710 2324 miror,
724 2263 765 2310 in·

224 2339 328 2384 taotum
345 2333 463 2398 reliquit.
499 2330 631 2395 Equidem
655 2329 766 2396 reposui

223 2397 361 2471 βασιλέας,
373 2403 444 2469 quod
453 2399 552 2450 Matth.
565 2415 671 2465 quoque
680 2400 763 2450 dedit.

258 2465 296 2539 μὴ
309 2464 413 2534 ἐξεῖναι
429 2464 549 2520 ἕπεσθαι
567 2484 591 2517 κ.
605 2484 628 2518 τ.
644 2467 680 2534 λ,]
707 2470 764 2519 Lex

222 2544 263 2594 ita
276 2560 305 2594 se
322 2543 455 2603 habebat,
473 2549 501 2589 αι
515 2541 679 2600 inposterum
698 2541 765 2588 oller

222 2621 316 2662 tontum
326 2627 409 2676 repam
419 2612 536 2661 educeret
546 2609 682 2657 exereitum
692 2605 763 2670 (eum

222 2681 310 2730 adhue
330 2688 444 2744 uterque
463 2693 511 2727 rex
533 2676 567 2726 sd
586 2676 683 2726 bellum
702 2691 763 2726 eum

222 2750 343 2798 exercitu
355 2747 491 2812 proficisci
501 2745 622 2810 soleret),
632 2747 710 2794 alieri
718 2762 762 2794 au-

221 2825 267 2865 tern
282 2818 349 2879 repi,
366 2820 408 2880 qui
417 2817 483 2866 domi
494 2825 618 2875 moneret,
638 2815 763 2879 illudari-

221 2887 310 2934 dorum
323 2900 420 2948 quoque
433 2887 498 2933 ulier
508 2884 583 2931 velitri
591 2891 674 2932 custos
687 2885 762 2933 relin-

221 2961 339 3019 queretur
354 2961 378 3002 et
392 2954 505 3002 tutelares
520 2953 589 3000 deus.
616 2953 677 3001 Duo
691 2954 761 3002 enirn

221 3040 281 3073 eum
300 3026 392 3072 essent
411 3019 598 3085 Tyndaridae,
619 3021 714 3071 Castor
734 3029 762 3073 et

219 3092 330 3154 Pollux,
351 3091 517 3154 totidemque
534 3091 657 3140 civitatis
673 3107 760 3158 reges,

221 3177 337 3226 aequum
348 3161 508 3222 videbatur,
526 3165 557 3209 ut
570 3175 662 3225 regum
674 3162 761 3212 altero

220 3232 293 3281 domi
311 3236 437 3282 manente
456 3228 525 3280 alter
543 3229 678 3280 duntaxat
689 3233 761 3296 Tyn-

816 2265 888 2312 eien.
911 2261 1035 2326 Dialogg.
1056 2261 1144 2310 deorr.
1164 2261 1268 2320 XXVI,
1292 2261 1313 2310 l.
1328 2275 1354 2324 p.

816 2330 864 2383 331
879 2332 911 2384 T.
926 2333 955 2382 11
971 2333 1012 2382 ed.
1027 2332 1103 2396 Βίην,
1119 2330 1170 2380 hue
1186 2330 1275 2380 minus
1289 2329 1356 2379 isoi-

815 2407 873 2450 unt.
903 2401 969 2452 Inde
984 2415 1048 2450 uero
1066 2399 1268 2464 explicandum,
1285 2398 1356 2463 quod

814 2471 910 2520 Locris
924 2469 1114 2535 Epizephyriis
1131 2467 1272 2533 Spartam,
1294 2483 1355 2518 eum

814 2539 1034 2590 Crotoniatarum
1045 2537 1143 2589 bellum
1154 2539 1289 2600 timerent,
1297 2539 1356 2586 mit·

814 2609 936 2660 tentibus
959 2609 1145 2673 auxiliumque
1165 2609 1218 2658 sibi
1239 2609 1355 2672 petenti-

813 2678 863 2727 bus
871 2677 1000 2742 Spartani
1009 2676 1215 2742 responderunt,
1222 2693 1252 2728 se
1262 2678 1355 2742 copias

813 2746 886 2796 baud
899 2747 1022 2808 daturos,
1036 2747 1083 2796 sed
1098 2747 1246 2797 Dioscuros
1259 2748 1355 2796 missu·

812 2831 857 2866 ros
871 2831 946 2880 esse,
962 2821 1032 2867 teste
1044 2815 1144 2869 Zenob.
1159 2817 1237 2868 Cent.
1254 2817 1297 2873 11,
1312 2817 1352 2865 17.

812 2886 941 2939 Eustuth.
953 2887 987 2936 ad
997 2887 1107 2936 Homer.
1121 2901 1148 2949 p.
1159 2885 1219 2947 278,
1230 2885 1247 2936 6
1259 2891 1281 2937 τ’.
1293 2885 1352 2948 210,

812 2954 855 3006 30.
869 2958 958 3022 Atque
966 2957 1019 3006 hue
1028 2971 1135 3020 quoque
1145 2957 1272 3019 pertinet,
1280 2955 1353 3020 quod

812 3025 886 3074 inira
893 3028 924 3088 V,
937 3025 971 3076 80
984 3027 1127 3075 memoriae
1140 3025 1275 3088 proditum
1287 3024 1353 3088 legi-

812 3109 887 3144 mus:
909 3095 1057 3160 Aeginetae
1071 3095 1208 3144 Thebanis
1221 3093 1352 3144 auxilium

812 3165 968 3228 petentibus
981 3165 1088 3214 misisse
1101 3164 1240 3225 Aeacidae,
1254 3164 1351 3214 heroas

812 3249 891 3293 τροις
921 3249 990 3300 quos
1013 3249 1073 3284 eum
1102 3233 1252 3283 imbecillos
1269 3237 1351 3297 atque

219 3300 376 3351 deriderem
390 3301 418 3350 in
428 3299 628 3365 expeditionem
640 3315 761 3352 assume-
812 3303 924 3354 inutiles
937 3319 996 3356 esse
1011 3303 1205 3366 comperissent
1217 3302 1351 3364 Thebani,

218 3375 301 3420 retur.
321 3372 372 3422 Est
383 3370 453 3421 enim
463 3369 637 3434 cogitandum
649 3370 761 3436 deTyn·
810 3373 962 3424 reddidisse
974 3373 1106 3430 feruntur,
1117 3373 1185 3424 viros
1196 3369 1261 3436 (non
1272 3374 1351 3436 signu

219 3439 375 3490 deriderum
394 3440 480 3504 signis
497 3441 525 3489 in
539 3438 637 3490 bellum
656 3455 759 3491 usum·
811 3441 992 3506 deorum)sibi
1003 3441 1105 3492 auxilio
1116 3442 1189 3490 mitti
1199 3444 1350 3506 cupientes.

218 3510 292 3573 ptis,
327 3525 397 3575 quse
420 3508 558 3561 Plutarch.
578 3510 619 3560 De
645 3510 757 3561 irateru.
809 3512 878 3562 Add.
889 3513 966 3574 VIII,
977 3512 1020 3574 83,
1033 3512 1078 3561 ubi
1092 3511 1127 3560 sd
1142 3525 1260 3576 pugnarn
1274 3511 1351 3561 Sala·

218 3579 759 3644 em01··.p.478Aseribitruisseduoligne
810 3582 920 3632 miniani
937 3582 1098 3647 Aeginetica
1116 3581 1194 3630 navis
1214 3580 1349 3630 Aeacidas

217 3649 369 3714 aequaliter
383 3649 515 3698 distantis
525 3647 683 3714 duobusque
694 3650 758 3700 eliis
810 3651 845 3701 ad
866 3649 998 3702 auxilium
1023 3650 1206 3716 praebendum
1234 3651 1350 3700 arcessi-

217 3717 551 3769 trnnsversiseoniuueta.
579 3717 633 3778 Qui
647 3718 758 3782 Tynda·
808 3721 882 3770 visse
905 3720 1014 3771 dieitur.
1050 3722 1107 3770 Nee
1126 3721 1254 3784 ingerunt
1281 3719 1350 3768 talis

216 3789 294 3838 ridae
310 3803 332 3839 s.
345 3786 487 3849 Dioscuri,
505 3801 573 3850 quos
587 3787 702 3850 Spartae
715 3789 758 3852 pie
809 3789 994 3840 Waehsmuth.
1019 3789 1125 3840 Hellen.
1152 3789 1349 3840 Alterthumslr.

216 3857 304 3907 oultos
317 3873 377 3907 esse
388 3855 436 3920 (oi.
448 3855 550 3904 Herod.
564 3855 611 3918 IX,
625 3855 668 3920 7³)
679 3872 757 3906 nemo
809 3859 845 3909 11.
855 3875 880 3924 p.
891 3859 951 3922 302,
963 3860 1009 3910 ubi
1020 3860 1053 3909 de
1061 3856 1200 3923 μαντικῆς
1210 3859 1240 3908 ri
1255 3859 1281 3908 in
1294 3857 1350 3908 bel-

216 3928 317 3990 nosoit,
340 3927 419 3976 rebus
433 3923 538 3974 bellicis
558 3939 618 3973 euin
632 3940 758 3988 praeesse
808 3927 876 3978 lions
886 3929 1048 3980 Graecorum
1059 3929 1246 3992 expeditiones
1258 3928 1349 3993 dispu-

215 4003 384 4062 puterentur,
397 3995 531 4059 eregibno
541 3993 575 4042 ad
587 3991 687 4044 beilum
698 4011 759 4060 pro·
808 4001 870 4047 teus
888 3997 939 4048 hoe
958 4013 1065 4063 quoque
1080 3998 1175 4060 effert,
1196 4000 1232 4048 sd
1249 3997 1349 4048 bellum

214 4067 398 4117 lieiscontibus
409 4065 473 4114 boni
492 4061 589 4113 ominis
603 4077 687 4114 eausa
701 4064 758 4114 vel·
808 4067 1085 4117 exeuntibusheroum
1097 4069 1138 4118 roi
1148 4067 1262 4118 militari
1272 4083 1349 4132 prae·

216 4137 258 4186 uti
279 4139 446 4186 auxiliatores
471 4132 627 4183 solemniter
648 4137 758 4184 evocati
809 4136 940 4187 lectorum
953 4137 1250 4201 sigueadditoiuiese:
1271 4139 1348 4202 quip-

216 4208 423 4256 asrmmebantur
437 4215 567 4268 regesque
587 4201 661 4266 ipsos
678 4204 759 4267 qussi
808 4221 841 4270 pe
857 4221 925 4270 qune
940 4206 975 4256 ad
989 4221 1103 4272 pugnam
1122 4209 1232 4273 eiusque
1246 4209 1348 4258 exitum

215 4275 342 4352 cpmitari
375 4273 600 4346 perhibebantur,
635 4269 758 4335 σωτῆρες
807 4275 920 4324 multum
937 4275 1027 4326 valere
1054 4277 1247 4341 opinabantur.
1277 4277 1346 4328 Add.

214 4335 756 4408 (οντες)κᾶγαθοίπαρασταται,ιιίεροιί
807 4343 836 4394 C.
850 4345 883 4396 0.
896 4344 1023 4396 Mueller:
1034 4347 1102 4400 Dor.
1117 4348 1141 4398 Ι.
1155 4361 1217 4413 pag.
1225 4344 1285 4409 408,
1301 4347 1348 4412 qui

215 4410 357 4462 Aelianum
378 4413 493 4480 legimus
508 4429 522 4463 e
543 4411 626 4478 po'e‘te
642 4413 756 4480 antiquo
806 4413 930 4466 adhuius
940 4413 1028 4468 cultus
1040 4417 1232 4484 antiquitatem
1243 4415 1348 4467 inmira
