2986 5014
468 300 534 360 AD
559 297 818 361 HERODO'P.
842 299 896 375 VI,
921 309 977 362 102.
1228 296 1288 360 823

158 474 224 527 tulit
237 473 281 526 rir
295 473 402 541 doctus,
419 473 512 526 harum
527 473 670 542 regionum
689 481 717 525 et
731 473 792 543 ipse
808 473 878 524 hene
898 488 1002 539 gnarus
1017 472 1136 541 itemque
1153 473 1288 538 Graecus,

157 559 291 628 llangabe
305 558 348 612 in:
363 557 521 628 Antiquitas
536 557 673 628 llelleuiq.
689 556 727 610 ΙΙ.
745 573 808 626 pag.
824 559 885 610 867.
914 555 1015 626 Neque
1031 557 1102 610 anim
1116 573 1176 608 eum
1192 556 1289 623 locum,

157 644 186 696 in
204 661 259 714 quo
274 662 347 697 nunc
361 643 502 696 invenitur
511 642 704 696 monasterium
719 641 786 694 illud
797 641 936 696 desertum
950 658 1006 693 unu
1019 658 1078 693 cum
1092 641 1163 694 casis
1174 643 1287 712 quibus-

157 730 219 782 dam
235 729 388 796 vilissimis,
409 727 490 781 talem
514 745 577 781 esse
597 727 640 779 hic
660 728 836 798 pronuntiat,
860 727 889 782 in
910 743 965 798 quo
987 726 1115 797 oppidum
1136 725 1177 779 rel
1202 727 1289 779 vicum

158 814 267 867 omnino
279 813 383 867 exstrui
397 813 523 883 potuisse
534 812 675 882 probabile
691 814 737 878 sit,
753 829 811 866 cum
826 812 897 883 aquai
911 827 1028 882 prorsus
1039 819 1145 866 careat:
1160 813 1290 880 angulum

159 917 222 952 esse
247 900 364 952 affirmat
387 898 474 949 totius
498 897 622 967 planitiei
650 899 760 950 maxime
788 897 909 950 sterilem
941 895 1103 968 minimeque
1138 905 1229 966 aptum
1255 897 1290 949 ad

157 983 291 1037 culturam
305 1000 395 1052 neque
411 981 492 1035 ullum
514 983 644 1053 antiquae
660 981 835 1035 habitationis
852 982 997 1050 vestigium
1014 997 1087 1035 nunc
1101 982 1290 1053 praebentem:

159 1068 209 1120 sed
225 1068 403 1122 recentiorem
418 1068 506 1120 vicum
522 1067 710 1121 Marathonem
725 1067 794 1121 idem
811 1075 930 1120 testatur
945 1067 973 1119 in
991 1066 1145 1120 vallesalis
1167 1069 1289 1137 spatiosa

159 1162 321 1224 stanneus,
337 1171 417 1224 quam
433 1152 591 1206 Charadrus
607 1169 730 1224 aquosus
748 1159 869 1223 permeat
892 1151 1063 1222 fertilemque
1079 1151 1186 1220 reddit,
1209 1153 1290 1205 situm
1331 1136 1337 1148 ’

159 1257 222 1291 esse
234 1255 392 1310 omnemque
403 1255 460 1292 eam
473 1238 621 1306 regionem,
637 1255 707 1308 quae
719 1238 783 1290 inde
795 1238 829 1290 ad
844 1236 984 1307 planitiem
998 1237 1102 1305 tendat,
1115 1237 1290 1307 antiquorum

158 1323 343 1375 aedificiorum
364 1323 511 1376 ruderibus
534 1321 663 1392 repletam
680 1341 743 1376 esse
759 1340 790 1375 ac
810 1322 957 1393 perspicua
977 1323 1152 1392 antiquitatis
1171 1323 1291 1392 vestigia

159 1425 225 1477 prae
243 1427 273 1460 se
288 1409 376 1460 ferrer
395 1408 463 1460 adeo
476 1415 507 1460 ut
521 1408 559 1460 ibi
579 1407 673 1476 potius
691 1407 804 1477 antiqua
819 1407 886 1460 urbs
906 1411 1046 1460 exstructa
1067 1408 1155 1460 fuisse
1169 1410 1292 1477 putanda

160 1493 206 1544 sit.
251 1493 348 1564 ltaque
364 1493 398 1544 ad
417 1511 474 1546 eam
491 1493 654 1546 sententiam
679 1493 848 1547 redeundum
870 1492 937 1557 erit,
960 1509 1030 1561 quae
1055 1498 1175 1546 veterem
1197 1495 1291 1548 urbem

160 1577 357 1630 Marathoniam
378 1577 454 1629 iuxta
470 1577 609 1631 recentius
625 1579 753 1648 oppidum
768 1583 933 1630 exstructam
953 1577 1041 1629 fuisse
1061 1577 1147 1647 ponit.
1192 1579 1291 1650 Neque

160 1663 264 1726 obstat,
287 1661 360 1732 quod
385 1662 446 1732 ipsa
466 1679 561 1732 pugna
580 1662 608 1714 iu
632 1663 800 1716 meridionali
820 1662 944 1732 planitiei
967 1668 1072 1733 tractu,
1098 1663 1145 1733 qui
1171 1665 1204 1715 ab
1224 1666 1292 1718 urbe

160 1747 334 1799 Marathonia
348 1747 478 1822 remotior
493 1755 544 1812 est,
561 1748 702 1800 commissa
716 1753 775 1800 est:
792 1765 852 1800 nam
867 1747 932 1799 haec
948 1746 1072 1816 planitiei
1094 1765 1159 1816 pars
1183 1767 1198 1801 a
1214 1750 1291 1820 palu·

160 1832 241 1884 dibus
272 1848 358 1884 vacua
379 1831 503 1902 ipsisque
523 1831 736 1886 Atheniensibus
763 1833 848 1900 magis
872 1831 1007 1884 commoda
1029 1841 1103 1900 erat,
1128 1835 1175 1903 qui
1200 1835 1227 1886 in
1245 1853 1291 1888 ex-

160 1925 245 1970 trema
260 1915 383 1985 planitiei
399 1923 477 1986 parte
493 1917 527 1968 ad
540 1916 675 1969 meridiem
690 1926 822 1984 vergente
845 1916 970 1969 collocati
986 1916 1021 1967 ad
1042 1917 1141 1970 montis
1168 1919 1291 1986 Argalilri

160 2003 206 2072 (ut
230 2018 303 2054 nrtnc
323 2002 452 2069 vocatur)
472 2001 643 2054 declivitates
665 2000 730 2054 inde
750 2007 778 2054 et
802 2002 930 2053 tutiorem
950 1999 1037 2053 locum
1057 2003 1202 2070 tenebant,
1220 2004 1292 2056 unde

160 2085 256 2138 mellus
272 2085 436 2158 faciliusque
458 2087 558 2139 Persas
581 2087 815 2154 aggrederentur,
836 2085 972 2156 quamsi,
992 2086 1062 2138 omni
1079 2088 1218 2156 equitatu,
1237 2106 1292 2157 quo

161 2169 261 2223 Persae
278 2171 468 2238 abundabant,
488 2171 630 2238 destituti,
645 2172 672 2223 in
691 2172 777 2224 media
799 2171 911 2240 planitie
928 2171 1011 2223 aciem
1028 2171 1242 2240 instruxissent,
1265 2181 1293 2226 et

161 2273 226 2308 vero
242 2255 322 2308 etiam
335 2259 495 2308 commodum
516 2257 637 2308 Athenas
656 2257 788 2309 redeundi
809 2257 893 2322 viam,
909 2274 939 2308 re
955 2255 1101 2308 infeliciter
1117 2263 1210 2324 gesta,
1234 2275 1293 2311 cum

161 2357 192 2392 ea
208 2339 260 2407 via,
277 2357 347 2412 quae
362 2341 396 2392 ab
414 2341 475 2410 ipso
492 2340 591 2410 oppido
608 2341 781 2394 Marathonio
798 2359 847 2410 per
869 2347 984 2393 montem
999 2341 1137 2394 Aforismo
1156 2346 1202 2410 (ut
1220 2360 1293 2396 nunc

162 2423 313 2494 appellant)
330 2426 450 2478 Athenas
467 2426 550 2491 ducit,
566 2425 645 2478 nimis
661 2443 760 2496 aspera
774 2435 802 2478 et
819 2413 952 2496 praeceps
969 2426 1014 2494 sit,
1030 2443 1108 2495 quam
1123 2433 1199 2478 totus
1215 2447 1292 2481 erer-

162 2509 234 2560 citus
251 2511 386 2563 commode
401 2528 541 2579 permeare
557 2511 603 2563 vix
621 2519 713 2581 queat.
758 2511 826 2563 Inde
853 2511 924 2564 haud
941 2511 1050 2580 mirum,
1079 2512 1107 2564 in
1124 2513 1293 2582 ipsapugna

163 2611 221 2646 cum
240 2595 327 2647 media
347 2595 553 2648 Atheniensium
576 2597 649 2650 acies
675 2596 702 2648 in
725 2597 818 2664 fugam
841 2613 976 2649 conversa
997 2603 1087 2664 esset,
1110 2596 1293 2660 Athenienses

162 2679 320 2748 confugisse
335 2675 363 2742 ἒς
377 2675 429 2750 τὴν
445 2675 604 2750 μεσόγαιαν,
621 2687 652 2734 ut
669 2682 774 2734 Noster
794 2681 880 2732 tradit
895 2681 941 2733 Vl.
960 2683 1018 2747 11³,
1035 2698 1125 2752 neque
1148 2681 1175 2734 in
1197 2681 1293 2735 vallem

162 2763 374 2832 Marathoniam,
397 2784 413 2817 a
438 2783 492 2836 qua
512 2765 622 2834 lougius
644 2767 772 2834 aberant3
796 2766 845 2818 sed
865 2766 1001 2820 meridiem
1019 2783 1119 2819 versus
1140 2768 1237 2834 fugere
1251 2767 1291 2819 in-

162 2849 314 2901 stituerunt
329 2851 362 2902 ad
379 2855 467 2903 terras
484 2850 589 2904 Atticae
605 2851 761 2917 interiores,
781 2867 852 2921 quae
869 2851 958 2904 tutius
973 2851 1043 2922 ipsis
1064 2852 1199 2919 refugium
1215 2870 1294 2922 prae-

162 2933 227 2985 bere
241 2941 383 3003 poterant,
405 2944 433 2988 et
449 2936 521 2988 uude
537 2935 644 2989 facilius
666 2937 699 2989 ad
721 2937 807 3006 ipsam
830 2953 948 3006 pugnam
970 2945 1108 2989 revertere
1129 2936 1240 2989 licebat:
1266 2937 1293 2990 id

164 3018 237 3088 quod
252 3036 350 3072 revera
364 3021 464 3074 factum
479 3028 531 3073 est.
577 3021 607 3082 lar
625 3023 673 3074 hac
686 3022 773 3090 igitur
790 3021 960 3074 meridionali
977 3021 1099 3091 planitiei
1114 3031 1191 3092 parte
1208 3040 1294 3094 eaque

164 3109 282 3156 extrema
297 3104 503 3158 Atheniensium
521 3107 593 3159 acies
608 3106 745 3160 instructa
759 3113 834 3158 erat:
856 3107 883 3160 in
907 3107 956 3158 hac
971 3123 1063 3176 pugna
1080 3107 1221 3160 commissa
1238 3115 1294 3160 est:

162 3188 191 3240 in
207 3187 256 3240 hac
272 3205 411 3242 caesorum
428 3207 538 3260 quoque
554 3191 648 3243 tumuli
668 3191 801 3244 exstructi
816 3197 897 3258 sarrit,
921 3193 969 3262 qui
991 3193 1080 3246 adhuc
1097 3201 1263 3262 cernuntur,
1280 3212 1294 3247 c

164 3271 277 3344 planitie
293 3273 457 3327 eminentes:
473 3275 528 3327 vid.
550 3283 618 3327 nott.
635 3275 667 3328 ad
688 3276 734 3345 Vl,
752 3279 811 3330 117.
