2994 4972
187 299 227 364 56
621 280 888 350 HERODOTI

188 472 416 566 παρεσομένου
429 489 491 558 σφι
504 466 665 555 πολέμου·
684 465 719 531 ολ
736 458 788 549 δ’,
804 463 879 532 έπεί
889 485 924 529 τε
940 461 1096 549 διέβαλον
1110 460 1146 530 έιι
1167 462 1225 547 τῆς
1238 465 1324 530 Χίου

188 580 246 662 τάς
259 565 337 658 νέας
352 579 385 657 ές
398 572 459 663 τὴν
473 569 605 656 Νάξον,
623 564 705 656 πρὸς
720 569 974 656 πεφραγμένους
988 566 1252 654 προσεφέροντο,
1267 565 1324 634 καὶ

192 681 405 771 ἐπολιόρκεον
418 683 524 767 μῆνας
544 676 709 760 τέσσερας.
745 669 788 752 ὥς
810 671 846 741 δέ
866 670 906 738 τά
923 697 958 739 τε
981 677 1111 758 ἔχοντες
1124 660 1233 758 ἦλθον
1246 667 1324 758 χρή-

192 816 278 880 ματα
293 794 327 856 ολ
337 787 476 870 Πέρσαι,
491 783 596 848 ταῦτα
611 772 907 863 ναταδεδαπάνητό
920 795 992 862 σφι,
1006 775 1062 843 καλ
1076 769 1167 865 αὐτῷ
1178 771 1326 862 Ἀριστα-

193 891 276 983 γόρῃ
297 891 585 977 προσαναισίμωτο
600 877 722 965 πολλά,
743 884 803 948 τοῦ
817 877 959 958 πλεῦνός
980 905 1016 946 τε
1031 880 1140 948 ἐδέετο
1154 874 1175 967 ἡ
1193 887 1326 966 πολιορ-

194 1005 261 1084 κίη,
278 995 427 1076 ένθαῦτα
441 996 549 1076 τείχεα
565 1001 649 1055 τοῖσι
663 981 789 1072 φυγάσι
811 987 878 1051 τοῖν
892 987 1031 1066 Ναξίων
1051 981 1328 1072 οἰκοδομήσαντες

196 1095 447 1170 ἀπαλλάσσοντο
463 1095 495 1172 ές
508 1088 568 1178 τὴν
583 1086 738 1176 ἤπειρον,
753 1091 861 1166 κακῶς
875 1086 1085 1176 πρήσσοντες.

149 1209 188 1272 35
273 1195 503 1289 Ἀρισταγόρης
519 1194 554 1264 δέ
568 1189 629 1260 οὐκ
645 1191 710 1280 εἶχε
725 1189 785 1279 τὴν
798 1186 978 1278 ὑπόσχεσιν
991 1195 1038 1282 τῷ
1045 1186 1262 1277 Ἀρταφέρνελ
1273 1190 1326 1258 έκ-

200 1309 388 1395 πληροῐραι·
409 1298 476 1388 άμα
492 1298 527 1366 δὲ
553 1295 660 1378 ἐπίεζέ
675 1322 734 1384 μιν
755 1291 922 1384 ἡδαπάνη
936 1299 992 1384 τῆς
1007 1297 1160 1382 στρατιῆς
1173 1288 1327 1364 ἀπαιτεο-

197 1413 291 1498 μένη,
306 1403 458 1494 ἀρρώδεέ
470 1428 504 1469 τε
519 1404 579 1468 τοῦ
598 1402 741 1484 στρατοῦ
758 1396 941 1486 πρήξαντος
956 1402 1065 1477 κακῶς
1078 1395 1328 1486 καλΜεγαβάτῃ

197 1572 273 1632 dam,
296 1567 410 1634 impedit
427 1565 597 1632 potissimum
615 1564 736 1615 aoristus
786 1567 903 1619 Βεεδον.
913 1582 939 1631 p.
949 1566 1009 1618 328.
1037 1564 1079 1615 Ad
1093 1555 1224 1629 διέβαλον
1238 1561 1327 1628 (traie-

196 1643 299 1708 primus
311 1637 386 1689 verbi
396 1628 476 1702 άγειν
486 1651 507 1686 a.
522 1624 642 1699 έσάγειν,
658 1650 737 1700 quem
787 1635 885 1699 rerunt)
900 1636 956 1687 vid.
969 1639 1037 1685 nott.
1055 1635 1089 1684 ad
1103 1634 1155 1696 ΙΙΙ,
1170 1633 1213 1686 32.

197 1712 231 1762 ab
243 1708 374 1760 Herodoti
387 1707 464 1757 libris
481 1703 600 1755 alienum
618 1721 678 1756 esse
690 1705 737 1754 do·
817 1699 1080 1769 καταδεδαπάνητο]
1090 1704 1134 1754 lta
1143 1719 1203 1754 cum
1212 1705 1325 1755 recentt.

197 1779 383 1832 ouitBredov.
403 1775 492 1842 {2350
508 1775 737 1840 aeq.‚qniverba
789 1777 850 1828 edd.
876 1776 938 1826 dedi
962 1791 1010 1840 pro
1038 1766 1325 1838 consternationem

197 1840 288 1900 καὶτὸ
305 1848 413 1911 τεῖχος,
432 1847 532 1910 quippe
552 1844 675 1894 codicum
689 1860 737 1894 au·
789 1847 860 1898 solet
879 1848 949 1896 enim
962 1846 1061 1895 Noster
1078 1843 1150 1894 haud
1168 1859 1230 1894 raro
1246 1841 1327 1908 negli-

196 1913 739 1978 ctoritatemunito,retinerivnlt‚atque
789 1933 853 1984 gere
878 1917 1015 1982 augmenti
1036 1914 1277 1979 reduplicationem
1300 1913 1328 1961 iu

197 1983 229 2038 τό
242 1990 333 2051 τεῖχος
346 1976 481 2044 ἐσάξαντο
493 1983 534 2048 (ut
545 1979 738 2046 προεσάξαντο
791 1985 1069 2052 plusquamperfecto:
1089 1985 1184 2048 dequo
1196 1982 1251 2032 diri
1262 1981 1295 2032 ad
1307 1981 1329 2044 1,

199 2059 223 2120 Ι,
234 2057 293 2120 190,
309 2055 357 2106 ubi
369 2055 423 2107 vid.
437 2057 529 2118 nott),
544 2053 645 2118 quoda
656 2052 739 2102 verbo
790 2057 833 2108 94.
848 2055 906 2106 180.
927 2054 984 2114 111,
1003 2053 1046 2108 61,
1082 2054 1152 2105 Add.
1169 2056 1209 2114 V,
1224 2054 1266 2104 bl.
1287 2052 1330 2102 ut.

200 2124 312 2178 σοὶττσιν
329 2126 445 2190 repetii,
464 2123 534 2173 idem
554 2123 647 2174 valera
660 2126 740 2187 putat
790 2126 853 2189 VII,
870 2125 926 2176 110.
945 2124 1079 2174 Iacobitz.
1095 2124 1129 2174 ed
1145 2123 1261 2173 aniaui
1277 2123 1331 2172 To·

200 2203 284 2262 atque
293 2187 325 2244 τὸ
336 2195 426 2258 τεῖχος
436 2185 606 2258 έφράξαντοι
617 2209 670 2259 quo
680 2208 741 2257 pro·
790 2211 849 2248 xer.
863 2210 925 2260 cap.
940 2193 979 2245 13.
993 2208 1055 2258 pag.
1073 2195 1106 2244 27
1121 2195 1148 2244 et
1160 2191 1286 2242 Grsshof.
1303 2191 1332 2241 in

198 2269 265 2318 bato
281 2263 353 2315 haud
371 2264 464 2330 utique
489 2279 556 2326 opus
579 2264 629 2312 erit
652 2263 741 2314 oonie·
791 2263 938 2318 Sobulzeit.
960 2263 1035 2314 1832.
1057 2263 1094 2313 11.
1121 2277 1184 2328 pag.
1202 2263 1254 2313 428
1274 2277 1331 2326 seq.

199 2337 277 2388 cturfl
290 2335 408 2400 Hoegeri
424 2332 451 2382 id
469 2333 558 2398 ipsum
572 2333 740 2399 reponentis:
791 2334 907 2386 Bredov.
918 2351 943 2399 p.
955 2332 1015 2386 289.
1027 2361 1061 2369 -
1075 2329 1166 2396 τείχεα
1176 2337 1239 2383 sunt
1250 2347 1332 2392 arces,

199 2413 255 2458 tum
269 2420 334 2456 vero
349 2404 430 2454 etism
446 2403 530 2452 verba
544 2399 592 2452 καλ
611 2406 674 2452 uiroc
693 2394 741 2449 καὶ
791 2407 911 2466 castella,
934 2407 965 2452 ut
986 2403 1037 2464 lv,
1055 2402 1102 2464 tu,
1121 2402 1167 2452 ubi
1188 2402 1242 2452 vid.
1263 2405 1332 2451 nott.

201 2466 274 2526 ποτά
287 2472 460 2524 antecedenti
474 2474 556 2522 verbo
570 2461 742 2536 παρεσκευά-

200 2559 286 2594 σαντο
311 2541 479 2594 adstruemla
501 2547 593 2600 erunt,
618 2546 649 2591 ut
676 2540 742 2591 iecit

199 2613 372 2666 Diodorfins:
383 2625 547 2675 quamquam
558 2610 585 2659 id
595 2611 683 2674 ipsum
694 2609 742 2659 du-

199 2685 256 2732 rius
268 2681 332 2745 quid
343 2679 427 2730 habet
435 2683 611 2742 praestatque
622 2695 689 2729 sane
699 2693 742 2727 ec-

200 2753 340 2799 cusativos
350 2749 413 2795 uitur
422 2740 470 2795 παλ
479 2739 551 2795 ποτά
563 2738 741 2808 andregesie

201 2819 316 2880 reterre,
331 2815 556 2882 quemadmodum
572 2818 595 2878 l,
612 2817 661 2868 1th
673 2829 742 2878 προ·

201 2879 336 2946 εοάξαντο
350 2883 432 2933 σιτία.
461 2883 550 2944 Quare
563 2886 645 2936 verbs
654 2876 741 2934 καλτδ

201 2959 293 3020 τεῖχος
310 2953 375 3004 mihi
389 2969 497 3020 quoque
509 2959 637 3020 suspecta
649 2956 743 3006 viden-

201 3031 261 3087 tur,
277 3041 310 3076 ex
320 3027 442 3089 proxime
453 3024 677 3076 antecedentibus
688 3017 742 3089 (έσ-

201 3092 350 3160 ηνείιιαντο
368 3088 402 3143 τὰ
423 3081 453 3142 ta
472 3092 528 3144 τάν
549 3086 644 3160 άγράν
664 3086 691 3153 ές
708 3084 740 3143 τὸ

200 3165 305 3230 τεῖχος)
313 3161 384 3214 mals
393 3161 447 3213 huc
457 3163 535 3216 illata
549 3165 592 3216 vel
602 3166 693 3230 potius
703 3180 743 3215 rs-

204 3235 299 3301 petita.
326 3233 404 3296 Quod
413 3232 480 3311 bene
492 3235 611 3287 sentiens
621 3234 743 3286 llietsoh.

200 3304 312 3370 scripsit
339 3297 559 3368 νατατάχος,
593 3321 647 3372 qua
670 3305 744 3356 loou-

203 3373 413 3424 tioneNostrum
424 3375 467 3424 uti
479 3375 601 3426 videmus
612 3376 674 3441 Vll,
685 3374 742 3426 178.

201 3444 249 3508 1v,
266 3444 323 3493 127.
341 3442 493 3507 Kappeyne
503 3445 605 3495 vende
615 3444 744 3510 Coppelle

201 3514 242 3576 (in
255 3514 426 3576 Mnemosyn.
439 3513 476 3564 11.
488 3530 513 3578 p.
525 3514 587 3578 381)
602 3514 637 3565 sd
650 3515 744 3566 lectio·

202 3599 262 3632 nem
278 3582 313 3632 sb
322 3581 449 3646 Hoegcro
462 3585 645 3649 propositam.
663 3599 744 3651 quom

202 3651 361 3718 ignorabat,
385 3653 539 3716 regrediens
563 3654 647 3705 scribi
669 3653 745 3706 vult:

203 3717 448 3784 παρεσκευάσαντο
461 3715 493 3772 δέ
505 3717 543 3780 ὥς
556 3715 742 3788 πολιορκησό-

202 3805 284 3857 μενοι
296 3785 344 3839 sul
358 3791 421 3838 σῖτα
435 3787 481 3841 καλ
501 3785 574 3841 ποτά
587 3788 633 3842 nul
645 3787 675 3840 τὸ
689 3795 743 3842 τεῖ-

203 3875 251 3927 χος
274 3849 497 3922 ἐφράξαντο,
521 3863 568 3913 ubi
591 3863 744 3912 accusativi

203 3926 251 3980 καὶ
266 3932 328 3979 σῖτα
348 3923 396 3977 καλ
410 3923 485 3982 ποτά
497 3932 616 3996 pendent
630 3947 646 3981 a
660 3945 745 3992 παρε-

205 3993 386 4077 σκευάσαντο.
426 4001 459 4052 In
480 4015 556 4066 seqq.
577 4003 612 4052 ad
631 4001 744 4052 formam

206 4064 457 4133 παρεσκευάδατο,
490 4085 571 4136 quam
595 4072 744 4132 Mediceus‚

203 4139 393 4201 Florentinns,
412 4139 461 4190 alii
481 4155 542 4191 cnm
563 4141 690 4193 Eustath.
710 4139 744 4191 ad

204 4205 282 4255 Iliad.
299 4223 324 4270 p.
338 4205 398 4268 234,
412 4210 444 4260 21
456 4225 477 4260 s.
491 4208 548 4274 137,
561 4211 594 4263 34
607 4211 745 4274 exhibent,

203 4287 264 4323 cnm
287 4275 337 4324 alii
357 4275 473 4328 afferant
496 4272 744 4342 παρεσκευάζοντο,

203 4343 276 4397 conf.
292 4347 360 4395 nott.
373 4345 408 4396 ad
419 4347 472 4413 ΙΙΙ,
487 4348 551 4414 150,
565 4350 597 4414 V,
610 4351 654 4404 65.
683 4350 744 4402 vid.

792 2475 868 2524 Haec
883 2470 975 2535 τείχεα
992 2471 1020 2520 in
1039 2472 1101 2536 ipsa
1119 2471 1208 2522 insula
1229 2478 1336 2523 exstru-

792 2546 838 2592 cta
857 2546 936 2592 erant
952 2542 980 2591 in
995 2544 1112 2606 gratiam
1125 2542 1274 2592 Nouiorum
1289 2556 1332 2591 ex-

792 2610 880 2661 sulum
895 2627 915 2660 a.
929 2610 1117 2675 optimatium,
1138 2613 1184 2676 qui
1202 2613 1265 2662 inde
1280 2611 1333 2676 ipsi

793 2696 853 2731 cnm
863 2679 915 2731 tuti
925 2685 1025 2743 essent,
1032 2681 1205 2731 adversarios
1214 2682 1246 2732 de
1256 2681 1333 2746 plebe

793 2753 821 2801 iu
836 2751 895 2815 ipss
906 2749 972 2800 urbe
984 2750 1126 2816 etreliqua
1141 2751 1246 2802 insulae
1257 2755 1333 2816 parte

794 2823 992 2872 commorantes
1009 2821 1119 2871 turbare
1141 2822 1285 2886 omniaque
1302 2835 1335 2870 ea

793 2905 874 2956 agere
887 2895 1012 2955 possent,
1036 2891 1183 2956 quaeipsis
1201 2890 1334 2942 conduce-

793 2965 853 3010 rent
869 2961 1063 3025 imperiumque
1075 2960 1182 3013 insulae
1195 2961 1262 3025 ipsis
1278 2964 1333 3010 tra-

794 3031 896 3080 derent.
923 3030 1003 3080 Haud
1015 3029 1094 3081 aliter
1102 3029 1238 3095 Corcyrae
1250 3035 1332 3095 etque

794 3100 911 3166 Megaris
930 3099 1033 3150 iactum
1052 3115 1126 3160 esse,
1146 3117 1160 3152 e
1176 3099 1336 3166 Thucydide

794 3170 846 3229 ΙΙΙ,
859 3169 902 3220 85.
918 3169 965 3228 iv,
979 3169 1013 3220 66
1027 3169 1129 3221 evincit
1139 3170 1333 3222 Weissenborn

794 3238 900 3290 Hellen.
918 3255 944 3304 p.
964 3238 1020 3291 103.

966 3411 1031 3463 Cur.
1052 3411 1162 3462 XXXV.

835 3503 894 3576 ἅμα
913 3508 944 3563 δὲ
964 3505 1051 3574 ἐπίεζέ
1072 3512 1133 3578 μιν]
1157 3511 1198 3563 Ad
1220 3513 1334 3563 formam

795 3578 896 3646 ἐπίεζε,
916 3600 934 3634 a
950 3585 1032 3635 verbo
1050 3581 1147 3644 πιέζοι,
1168 3599 1222 3648 quo
1236 3585 1335 3634 Noster

797 3656 884 3705 utitur
898 3653 963 3717 (non
976 3651 1085 3718 πιεζέω)
1097 3653 1168 3705 coni.
1181 3653 1298 3704 Bredov.
1307 3668 1334 3718 p.

795 3725 855 3778 367.
878 3724 945 3774 Ιοδο
957 3724 1069 3774 eandem
1080 3723 1194 3772 formam
1207 3723 1235 3772 in
1245 3723 1334 3774 Dione

795 3793 988 3857 chrysostomo
1004 3793 1110 3857 aliquot
1129 3791 1196 3842 loeis
1214 3793 1336 3842 restituit

794 3864 864 3918 Lud,
878 3863 1018 3924 Diodorf.;
1038 3863 1093 3912 vid.
1104 3861 1224 3912 Praefat.
1237 3862 1279 3912 ed.
1290 3863 1336 3912 Li-

795 3934 912 3999 psiensis
926 3935 992 3982 anni
1008 3932 1082 3983 1851.
1097 3947 1159 3998 pag.
1174 3932 1207 3980 X.

835 3994 961 4064 άρρεάδεέ
975 4013 1004 4050 τε
1022 3997 1073 4051 τοῦ
1090 3997 1257 4061 στρατοῦ-
1274 3998 1336 4050 δια-

795 4064 975 4138 βεβλημένος]
993 4071 1033 4122 Ι)ο
1047 4070 1252 4154 participiorum
1267 4075 1337 4122 strn-

797 4146 875 4191 oturs
890 4139 1156 4192 commentatorem
1170 4139 1333 4202 Philopoem.

795 4227 858 4276 pig.
872 4211 915 4263 40.
930 4211 961 4260 41
980 4214 1087 4260 notata.
1098 4238 1131 4246 -
1154 4205 1335 4274 διαβεβλημέ-

796 4295 845 4336 νος
860 4283 902 4330 est
913 4279 1040 4344 offensus,
1053 4284 1084 4329 ut
1094 4281 1129 4338 V,
1140 4280 1174 4332 97
1188 4283 1215 4329 et
1226 4277 1273 4334 ur.
1287 4277 1335 4327 nbi

796 4349 992 4416 wesselingius
1012 4349 1110 4401 ethi.
1128 4349 1198 4399 citat
1216 4350 1244 4398 et
1255 4347 1335 4398 Euri-
