2994 4972
427 340 793 404 TERPSICHORE.
816 345 853 404 V.
876 353 920 406 41·
938 353 983 406 tr.
1228 352 1268 414 65

127 508 299 600 ἠπίστατο
312 507 389 580 κατ’
404 507 638 604 ἀνδραγαθίην
651 511 750 594 αὐτὸς
763 513 895 604 σχήσων
908 514 1162 611 τὴνβασιληλην.
1187 523 1270 598 ὥστε

129 605 181 684 οἶν
195 612 290 684 οὕτω
304 618 473 704 φρονέων,
495 615 610 706 ἐπειδὴ
630 615 698 687 ὅτε
718 615 973 709 Ἀναξανδρίδης
993 620 1143 696 αἰτέθανε
1164 631 1275 700 καλοί

129 717 397 808 Λακεδαιμόνιοι
412 718 592 809 χρεώμενοι
606 724 654 812 τῷ
666 720 758 814 νόμῳ
774 721 950 811 ἐστήσαντο
964 732 1103 813 βασιλέα
1117 728 1176 798 τὸν
1189 759 1268 823 πρε-

101 883 108 894 .
129 821 306 910 σβύτατον
318 826 527 912 Κλεομένεα,
549 820 567 892 ὁ
581 823 735 911 Δωριεὺς
750 825 862 894 δεινόν
876 855 910 895 τε
930 829 1125 921 ποιεύμενος
1138 836 1193 903 καί
1207 833 1269 905 οὐκ

128 923 240 1008 ἀξιῶν
259 921 327 994 ὑπὸ
342 929 547 1016 Κλεομένεος
568 926 827 1016 βασιλεύεσθαι,
848 928 983 1018 αἰτήσας
997 931 1083 1002 isoio
1096 937 1266 1026 Σπαρτιή-

77 1047 129 1101 302
139 1057 200 1110 τας
215 1019 279 1118 ἦγε
293 1032 327 1109 ἐς
341 1025 507 1118 ἀποικίην,
523 1027 599 1098 οὕτε
614 1035 660 1123 τῷ
674 1035 711 1100 ἐν
724 1039 890 1120 Δελφοῖσι
903 1045 1088 1131 χρηστηρίῳ
1104 1039 1265 1130 χρησάμε-

131 1195 236 1247 Graec.
249 1195 293 1246 ed.
307 1193 397 1261 Velpy
410 1194 454 1260 (T.
469 1196 501 1248 V.
518 1212 580 1262 pag.
598 1195 678 1260 5896)
730 1213 800 1264 quse
813 1197 868 1248 alis
886 1197 967 1250 huius
981 1203 1088 1266 generis
1109 1203 1163 1254 iam
1177 1205 1268 1256 attuli-

129 1267 282 1331 exponitur
288 1283 377 1315 summo
384 1267 475 1328 srerore
484 1275 626 1332 correptor,
633 1283 679 1316 ex·
729 1283 788 1318 mus
801 1269 837 1317 ad
848 1269 897 1331 IV,
910 1271 968 1320 147.
994 1272 1097 1336 Scripsi
1114 1279 1205 1324 antem
1219 1264 1268 1340 ἦγε

128 1335 461 1388 rremdiuaaoidlodoraor.
477 1335 680 1401 Ubiplursslia
729 1353 778 1404 pro
792 1337 862 1388 mele
874 1339 976 1402 vulget.
985 1327 1043 1403 ἆγε,
1056 1343 1127 1406 quod
1138 1345 1173 1394 ab
1182 1346 1268 1395 Hero.

130 1407 295 1470 composita
307 1411 426 1470 cognata
438 1405 599 1456 afferuntur.
622 1407 675 1456 lte·
731 1407 789 1458 doti
806 1421 856 1458 usu
875 1407 1016 1471 abhorret,
1034 1412 1081 1474 qui
1103 1414 1186 1462 etiam
1206 1431 1266 1480 cap.

131 1489 185 1540 que
199 1475 405 1526 locieeutentie
418 1475 558 1526 erithace:
572 1475 679 1526 Cleonae·
729 1477 855 1541 sequenti
878 1477 988 1542 scripsit
1013 1465 1079 1542 ἡγε;
1110 1481 1189 1546 plura
1211 1483 1266 1534 vid.

130 1561 178 1596 αττ
194 1571 226 1580 -
242 1544 314 1595 horso
332 1553 389 1594 erut
402 1545 471 1594 houd
487 1561 568 1596 sonos
584 1547 679 1604 meotis,
730 1545 802 1610 apud
814 1545 929 1596 Bredov.
946 1562 972 1612 p.
988 1548 1048 1598 293.

132 1615 181 1665 sed
207 1617 245 1664 od
270 1615 381 1676 sororem
401 1615 530 1666 admodum
550 1615 679 1678 proclivis,
765 1601 828 1663 οὔτε
848 1611 887 1680 τῷ
905 1607 934 1662 ἐν
949 1615 1086 1679 Δελφοῖσι
1106 1615 1266 1684 χρηστηρίιο

133 1685 242 1734 summi
258 1686 365 1736 insanii
378 1691 486 1749 captus.
499 1711 534 1722 -
545 1685 587 1734 Ad
600 1699 679 1748 argu·
730 1679 917 1748 χρησάμενος]
934 1685 993 1736 Hoc
1006 1701 1037 1736 εο
1052 1689 1179 1752 pertinet,
1193 1669 1267 1754 quo'd

134 1759 261 1804 mentum
275 1753 328 1804 loci
343 1755 415 1804 coni.
426 1753 528 1828 hierocl.
539 1754 604 1816 Vll,
618 1755 676 1804 205.
729 1753 791 1804 inde
811 1769 828 1803 a
841 1753 958 1806 Doricae
981 1759 1070 1820 gentis
1094 1758 1267 1808 incunabulis

134 1849 168 1858 -
186 1823 229 1872 Ad
245 1824 330 1874 verbs
346 1813 402 1870 κατ’
419 1819 621 1888 ανδραγαθίην
641 1822 676 1872 cl.
730 1823 819 1873 omnia
841 1823 896 1874 lere
918 1825 953 1874 ed
971 1824 1091 1890 Delphos
1109 1827 1267 1890 Pythicum·

136 1897 206 1942 nott.
220 1893 259 1942 sd
266 1893 298 1954 V,
312 1894 353 1941 ³9.
368 1884 505 1954 ηἰιίστατο
520 1893 616 1956 scripsi
630 1908 678 1955 pro
730 1907 781 1956 que
794 1891 942 1954 oraculum,
953 1899 982 1943 ut
995 1911 1027 1944 ex
1037 1911 1090 1960 qno
1101 1899 1192 1947 omnia
1204 1913 1268 1962 geu-

135 1959 211 2026 vulg.
231 1951 367 2010 ἐπίστατο
385 1961 549 2011 Bredosium
569 1967 679 2010 secutus
730 1963 766 2010 tis
778 1961 907 2010 instituta
918 1961 1085 2028 prodierint,
1096 1967 1167 2029 opud
1179 1967 1268 2018 Dores

136 2047 199 2096 pag.
213 2030 277 2093 aul,
290 2030 414 2095 idemque
428 2031 481 2080 ieci
496 2029 544 2091 Vi,
560 2032 602 2080 λλ.
729 2029 925 2079 referebantur.
963 2031 1086 2097 Namque
1112 2035 1267 2101 Lycurgum

173 2091 330 2164 χρεώμενοι
340 2101 378 2166 τφ
389 2091 479 2165 νόμῳ]
494 2097 679 2149 Successionis
729 2099 858 2148 dicebant
872 2115 886 2148 e
901 2099 1016 2162 Pythiae
1030 2119 1076 2152 ore
1094 2102 1183 2169 leges,
1200 2121 1266 2170 quas

137 2169 270 2235 iutelligit
283 2167 385 2234 legem,
398 2168 431 2218 do
442 2183 496 2232 qne
510 2169 581 2218 coni.
597 2167 627 2218 C.
643 2167 676 2217 Ο.
730 2166 873 2232 Spartanis
896 2168 992 2230 ferret,
1019 2174 1174 2236 occepisse,
1195 2175 1267 2226 unde

136 2239 262 2290 Mueller.
275 2239 340 2288 Dor.
353 2238 391 2288 11.
404 2253 466 2302 pag.
480 2237 537 2288 101.
557 2240 610 2289 Pro
624 2233 679 2285 des·
730 2238 806 2301 ipsae
825 2235 899 2300 leges
919 2232 1130 2302 πυθόχρηστοι,
1150 2241 1176 2290 id
1195 2243 1268 2307 quod

138 2303 190 2357 τόν
202 2322 232 2356 τε
251 2299 420 2370 ποιεύμενος
432 2305 621 2368 Florentinus,
633 2305 680 2355 alii
730 2306 863 2356 neminem
877 2305 962 2369 sugit3
977 2321 1011 2355 ec
1026 2308 1068 2357 vel
1080 2313 1267 2372 posteaLsco.

138 2370 282 2428 δεινόντι
299 2366 482 2438 ποιεύμενος,
504 2375 576 2442 qnod
594 2375 680 2438 recipi
731 2391 795 2424 num
819 2374 900 2424 rebus
926 2375 1041 2438 publicis
1067 2379 1204 2428 oraculum
1228 2383 1268 2430 ite

138 2447 196 2497 vult
212 2446 305 2498 Nabor
317 2445 520 2510 iuhlnemoeyu.
532 2447 581 2498 IV.
594 2461 620 2510 p.
636 2446 679 2506 22,
730 2457 856 2508 praeesse
868 2444 1032 2508 putabatur,
1041 2450 1071 2494 ut
1082 2461 1129 2496 eas
1142 2449 1220 2510 qussi
1229 2463 1269 2497 re·

139 2520 184 2567 cni
200 2516 287 2567 verba
306 2509 354 2563 καί
372 2505 423 2564 oris
444 2505 533 2575 ἀξιῶν
551 2519 680 2579 suspecta
730 2527 1270 2580 gersenmmemqueearurncuramgere·

139 2587 279 2647 videniur,
292 2600 361 2649 quac
375 2584 441 2634 mihi
453 2583 496 2634 rel
508 2586 625 2634 maxime
639 2599 679 2634 re·
730 2581 913 2642 recideretur,
924 2583 1154 2649 magistratusque
1160 2585 1270 2648 Pythio·

140 2656 254 2706 tineudu
263 2655 397 2705 videntur.
418 2652 459 2703 Ad
469 2654 557 2718 ipssm
567 2653 680 2704 locutio·
730 2669 789 2703 rum
801 2653 1174 2712 esscntconstituti,msxime
1187 2653 1271 2704 houe-

140 2741 200 2777 nem
217 2714 317 2774 δεινὸν
333 2721 482 2772 ποιεῖσθαι
503 2723 677 2786 cf.v11‚35.
730 2721 1269 2787 repreeditiregumqueeosenumasses·

140 2795 197 2858 111,
213 2793 354 2858 Mihique
369 2791 461 2842 allata.
486 2794 539 2854 1v,
554 2794 601 2843 lli
617 2791 677 2843 coll.
729 2807 813 2854 sores,
829 2791 926 2855 quibus
942 2791 1270 2856 Delphicorumoraculo·

140 2871 209 2916 nott.
226 2862 263 2914 ad
272 2861 354 2924 v,33.
371 2887 403 2896 —
416 2861 449 2911 lu
461 2877 535 2927 seqq.
549 2878 596 2927 pro
609 2854 678 2911 λεών
729 2877 788 2910 rum
800 2866 933 2910 cureerat
943 2863 1077 2926 permissa
1091 2861 1157 2924 (vid.
1166 2863 1267 2916 Herod.

140 2933 289 2992 Mediceus,
298 2931 481 2993 Florentinus,
493 2932 541 2980 alii
554 2931 681 2982 exhibent
729 2929 834 2994 lvci).
847 2930 1173 2997 Nequeeuimquidqusm
1182 2932 1271 2998 publi-

141 2995 219 3067 ληόν,
228 3017 310 3066 quam
321 3001 434 3051 iormaru
441 3001 601 3052 Valckenar.
611 3017 680 3052 com·
731 3016 761 3050 ce
774 3000 954 3064 privatimque
966 3001 1271 3066 suscipiebanssperss-

142 3072 265 3124 mendaci
278 3071 395 3136 putabat
407 3070 489 3120 simili
502 3069 588 3121 iorrna
602 3065 680 3133 νηός,
731 3070 769 3128 ni,
779 3069 1232 3133 nisioreculollolphicoconsulto;
1243 3069 1271 3120 id

106 3135 111 3142 ’
143 3158 175 3193 ac
191 3143 254 3194 deiu
267 3139 400 3205 Hesychii
414 3137 459 3202 (T.
473 3139 510 3190 11.
526 3155 551 3205 p.
568 3141 630 3202 liii)
654 3143 681 3190 et
732 3137 1270 3205 quodincolonieeondendequamma-

142 3209 297 3264 Heraclidis
304 3209 680 3273 auctoritatespudliustath.
731 3209 802 3257 xime
819 3207 940 3257 valuisse
958 3213 1053 3270 sponte
1067 3210 1157 3272 quivis
1171 3209 1272 3259 intelli-

143 3282 172 3332 in
185 3281 285 3346 Odyss.
299 3279 335 3329 11.
349 3296 376 3344 p.
390 3280 432 3338 93,
446 3280 480 3330 32
494 3295 516 3329 s.
532 3279 681 3338 1⁴433nisi
732 3279 780 3341 git.
818 3278 915 3340 Itaque
938 3277 970 3326 de
989 3279 1133 3340 Spartanis
1153 3279 1271 3329 Dorihus

144 3353 249 3415 potins,
266 3364 336 3414 quae
351 3353 393 3398 est
404 3347 552 3399 Matthiuei
569 3347 604 3397 sd
620 3348 646 3397 h.
664 3347 681 3396 l.
733 3344 896 3410 Delphicum
910 3345 988 3395 deum
998 3347 1203 3398 consulentibus
1217 3351 1271 3399 ein-

146 3419 298 3481 seuientia,
314 3419 427 3468 formam
440 3409 510 3482 ληὸν
524 3418 558 3468 oh
571 3418 682 3468 nimium
734 3415 849 3482 gillstim
865 3414 969 3472 valuit,
986 3416 1056 3479 quod
1071 3417 1100 3466 in
1115 3419 1272 3468 uuiversum

145 3489 256 3542 dialecti
266 3489 378 3538 lonicae
388 3487 507 3538 studium
522 3503 539 3536 a
552 3502 684 3552 gramma·
735 3486 768 3536 de
783 3483 895 3534 Graecis
910 3486 949 3536 ita
963 3486 1116 3535 enuntiavit
1128 3485 1273 3536 CiceroDa

146 3561 198 3612 lico
211 3559 246 3610 sd
257 3557 461 3608 similitudinem
473 3557 549 3608 vocis
562 3548 633 3620 νηὸν
647 3557 684 3607 el·
734 3554 820 3604 divin.
833 3553 870 3615 11,
881 3554 936 3616 1.§.
949 3553 979 3604 3:
996 3555 1104 3616 „Quem
1117 3570 1180 3606 vero
1190 3555 1271 3606 Grae·

146 3629 236 3682 fictam
256 3643 315 3680 esse
335 3632 452 3678 statuas.
482 3627 606 3692 Namque
623 3627 684 3676 reii-
736 3624 780 3674 cio
793 3622 927 3673 coloniam
946 3623 1021 3674 misit
1036 3625 1064 3672 iu
1078 3625 1274 3686 Aeoliam,lo-

147 3700 241 3750 cienda
254 3703 297 3748 est
309 3696 376 3749 haec
397 3696 484 3746 forma
504 3712 590 3760 aeque
601 3701 685 3761 utque
736 3693 929 3755 niam,Asiarn,
941 3691 1070 3752 Siciliam,
1083 3695 1202 3757 ltaliam,
1215 3695 1274 3746 eine

147 3768 245 3828 altera,
267 3783 347 3832 quem
360 3767 500 3817 Seuerolti
517 3765 586 3816 liber
603 3767 686 3816 alins·
735 3761 835 3825 Pythio
854 3767 902 3811 aut
920 3762 1067 3812 Dodonaeo
1084 3768 1133 3812 aut
1147 3765 1275 3814 Hammo-

147 3836 416 3902 qneeodexexhibet,
432 3827 510 3895 λαὸν,
525 3851 586 3886 curn
601 3837 685 3886 llere·
736 3834 779 3882 nis
791 3831 920 3882 oraculo?
940 3837 987 3882 aut
1008 3831 1080 3896 quod
1098 3833 1196 3884 bellum
1218 3847 1275 3880 sus-

148 3907 225 3958 dotus
238 3922 319 3956 uuam
331 3906 446 3956 fororem
460 3902 529 3962 λεὼς
542 3903 585 3954 vel
601 3907 629 3954 in
640 3920 686 3954 vo·
737 3907 844 3965 ceptum
860 3902 895 3951 ab
913 3918 944 3951 eo
959 3897 1017 3951 sinc
1036 3901 1150 3952 coneilio
1164 3902 1275 3950 deorum

148 3977 222 4028 cibus
240 3992 300 4026 cum
321 3973 372 4025 hac
397 3975 556 4040 compositis
576 3988 686 4024 servare
737 3971 823 4022 eet?“
852 3971 941 4020 Tuci.
956 3969 1044 4021 dehis
1061 3970 1090 4020 C.
1104 3970 1136 4019 Ο.
1151 3967 1274 4018 Mueller.

149 4045 250 4107 soleat,
270 4051 300 4096 ut
315 4047 479 4094 monstravit
492 4043 607 4095 Bredov.
622 4058 685 4108 psg.
737 4043 802 4093 Dor.
818 4039 860 4104 11,
878 4042 908 4091 17
922 4056 997 4105 seqq.
1013 4040 1035 4089 1.
1056 4054 1082 4102 p.
1096 4040 1138 4088 57.
1157 4037 1213 4096 137,
1244 4034 1273 4084 C.

151 4117 207 4168 1:³8.
237 4117 335 4178 ltaque
357 4115 486 4178 rescripsi
505 4105 591 4168 λεὼν,
616 4112 686 4178 quod
736 4111 767 4162 F.
786 4109 932 4160 Hermann.
956 4106 1100 4158 Lehrbuch
1124 4105 1149 4154 d.
1175 4104 1275 4170 grieclr.

149 4185 217 4238 islsm
229 4183 531 4244 exhibuitDietschius;
545 4183 557 4231 λ
580 4175 686 4232 doreti·
738 4178 939 4230 Stsutsalterth.
954 4177 1030 4240 523.
1044 4182 1101 4224 not.
1119 4175 1145 4225 ll
1161 4181 1188 4225 et
1200 4174 1224 4236 ξ,
1234 4176 1275 4226 75.

151 4254 339 4306 nuitDindorl.
358 4253 489 4304 Adrerbe
501 4243 550 4319 ἦγε
562 4197 592 4309 lc
604 4242 686 4301 cirros-
738 4255 794 4299 not.
808 4252 834 4312 ⁴1,
848 4249 895 4298 Ch.
909 4249 941 4299 F.
955 4245 1083 4294 Wilster:
1097 4246 1137 4296 De
1152 4246 1275 4311 religion.

152 4324 215 4374 ιιιάν
229 4323 300 4376 coni.
314 4325 435 4374 Paussn.
447 4323 498 4386 lll,
513 4328 539 4386 -i,
556 4324 581 4374 1:
597 4324 687 4384 Δωρι-
739 4325 766 4370 et
779 4317 878 4370 oracul.
891 4315 1025 4382 Apollinis
1038 4313 1162 4379 Delphici
1173 4317 1276 4382 (Hsvu.

151 4385 197 4454 οὓς
217 4423 250 4433 -
271 4383 299 4452 ἐς
324 4381 458 4442 ἆκοιιιίαν
484 4391 634 4456 στέλλεται,
660 4395 688 4442 et
742 4387 818 4451 1827)
832 4388 862 4438 P.
877 4389 899 4437 1.
912 4389 935 4450 ξ,
950 4385 992 4436 34.
1006 4401 1031 4452 p.
1044 4383 1078 4435 78
1089 4389 1278 4453 seqq—Mox

186 4500 350 4544 uersooou.
375 4499 423 4540 ru.
1062 4473 1080 4532 5
