3054 4972
553 393 830 455 POLYllNlA.
855 393 927 452 Vll.
951 401 994 456 ta.

1276 388 1335 448 521

208 597 264 650 νος
287 567 323 638 dl
345 567 401 638 καὶ
421 565 613 656 πυθόμενος
631 571 771 637 ἐκείνων
785 569 907 638 ἕκαστα
929 569 969 656 τῇ
992 563 1154 654 Ἀθηναίῃ
1172 569 1213 654 τῇ
1227 560 1341 632 Ἰλιάδι

209 682 313 744 ἔθυσε
338 678 420 761 βοῦς
447 680 569 760 χιλίας·
605 669 682 758 χοὰς
711 672 747 740 δὲ
772 677 807 740 ol
823 667 921 758 μα’γοι
948 685 1032 739 τοῖσι
1064 663 1169 759 ἥροισι
1196 670 1340 756 ἐχέαντο.

241 838 275 906 τῇ
285 831 422 904 Ἀθηναίῃ
433 835 467 904 τῇ
476 831 575 889 Ἰλιάδι
587 830 672 888 ἔθυσε
683 834 752 904 βοῦς

211 909 311 975 χιλίοις]
329 909 380 960 Cui
392 909 477 960 eidem
491 911 572 970 deae,
587 909 751 959 observante

211 979 400 1044 Wesselingio,
416 977 569 1028 Alexander
582 977 753 1044 quoqueMa·

211 1050 278 1100 cedo
287 1049 367 1098 llium
380 1048 487 1099 delatus
499 1047 661 1108 saoreieeit,
675 1049 753 1096 testi·

212 1120 262 1169 bus
276 1119 393 1169 Arriano
406 1118 430 1180 l,
445 1118 471 1167 ll
487 1124 514 1168 et
529 1118 649 1168 Diodoro
661 1117 751 1178 XVII,

214 1190 255 1239 18.
292 1189 365 1238 Idem
386 1193 469 1238 antea
489 1188 592 1238 fecerat
609 1189 751 1238 blindarus

211 1250 240 1306 ἐν
250 1250 322 1318 Ἰλίῳ
336 1252 420 1306 θύων
432 1253 467 1323 τῇ
478 1249 585 1324 Ἀθηνᾷ
593 1296 600 1320 ,
614 1263 644 1307 ut
655 1257 752 1306 scribit

212 1327 362 1392 Xenophon
380 1327 407 1376 in
428 1327 553 1378 Hellenn.
573 1329 603 1389 Ι,
625 1329 653 1389 l,
673 1330 703 1388 4,
724 1331 752 1377 et

212 1403 308 1461 postea
321 1397 388 1448 iecit
400 1396 430 1447 O.
444 1397 552 1460 Livius,
569 1398 751 1448 Rornanorum

212 1467 280 1530 dux,
311 1468 357 1532 qui
375 1471 446 1517 teste
467 1467 547 1516 Livio
568 1467 713 1528 XXXVII,
736 1465 752 1516 ll

213 1537 313 1600 „ilium
328 1537 452 1586 ascendit
466 1539 640 1600 sacrificioque
655 1537 753 1586 Miner·-

214 1623 280 1669 „oae
300 1608 373 1670 sacto
394 1605 546 1666 leuationes
564 1606 693 1656 finitimae
718 1606 753 1655 ab

214 1675 367 1738 „Elaeunte
386 1681 413 1726 et
431 1674 561 1725 Dardano
583 1683 609 1725 et
622 1676 754 1732 ltlroeteo,

215 1745 376 1808 ‚,trsdentes
394 1747 422 1795 in
442 1745 519 1794 fidem
536 1745 664 1795 civitates
681 1761 753 1807 suas,

216 1816 351 1880 „benigne
364 1814 505 1868 audivit:¹‘
524 1814 580 1864 aiis
594 1816 626 1865 de
642 1815 693 1864 bac
705 1817 757 1864 Mi-

214 1901 299 1935 nerva
322 1885 455 1934 excitarit
478 1885 595 1934 Crenaer
611 1885 715 1934 hlelett.
731 1885 754 1934 1.

215 1971 241 2019 p.
255 1955 288 2005 ¹23
302 1953 364 2003 coll.
379 1953 497 2016 Symbol.
511 1953 563 2003 111.
577 1971 603 2020 p.
618 1955 678 2006 352.
705 1953 756 2003 His

216 2024 300 2088 igitur
318 2023 483 2073 testimoniis
498 2039 557 2072 oum
577 2025 645 2072 satis
659 2023 755 2086 proba·

216 2099 272 2141 turn
303 2092 447 2153 videatur,
478 2092 618 2142 Minervam
644 2091 758 2152 Iliacam,

219 2176 299 2226 quam
312 2162 436 2211 Graecam
453 2161 530 2211 deam
549 2162 630 2227 vulgo
646 2161 758 2220 hahent,

217 2232 261 2295 pie
275 2229 397 2294 adeoque
410 2231 553 2295 insigniter
565 2231 617 2281 hoc
630 2231 690 2280 loco
703 2230 760 2280 cul·

219 2305 274 2349 tarn
287 2315 363 2360 esse,
381 2300 437 2349 iure
449 2301 552 2350 mireris
567 2302 680 2351 Xerxem
695 2301 759 2350 Per-

800 841 885 890 Wiss.
903 836 975 890 1856.
989 839 1066 899 Vlll,
1082 839 1093 889 l
1109 834 1263 904 (XXXllI).
1276 850 1340 899 pag.

803 908 851 960 103
862 923 936 972 seqq.
952 909 979 956 iu
990 907 1191 958 Dissertatione
1202 905 1234 956 de
1245 909 1342 956 Persa·

801 995 858 1029 rurn
873 977 985 1038 Mithra,
1002 977 1048 1026 ubi
1065 979 1148 1028 etiarn
1162 978 1194 1028 de
1207 977 1259 1026 dea
1270 976 1341 1025 Anu-

801 1049 874 1111 bita,
894 1063 963 1112 quae
983 1063 1065 1112 prope
1078 1047 1204 1098 Mithram
1223 1045 1342 1111 appella-

802 1125 860 1181 tur,
873 1117 1034 1181 disputarit.
1066 1118 1107 1167 De
1119 1117 1205 1167 Iliaca
1219 1117 1342 1166 Minerva

801 1189 932 1238 disseruit
964 1186 994 1238 C.
1029 1187 1061 1240 0.
1090 1187 1204 1238 Mueller
1235 1185 1343 1249 (Kleiue

801 1257 932 1308 Deutseh.
948 1255 1060 1308 Sebriit.
1076 1257 1115 1308 11.
1133 1273 1159 1322 p.
1172 1255 1249 1320 205),
1270 1270 1343 1304 eam-

802 1343 854 1392 que
867 1327 960 1376 retulit
970 1325 1004 1374 ad
1016 1327 1156 1392 antiquam
1169 1326 1243 1376 illam
1256 1325 1342 1383 deam,

802 1397 931 1448 Troianis
947 1395 1063 1456 cultam,
1079 1396 1123 1446 cui
1136 1396 1274 1446 Troianae
1287 1409 1344 1443 mu-

802 1468 882 1519 lieres
897 1465 1005 1532 peplum
1021 1465 1137 1516 offerunt
1149 1466 1222 1532 apud
1230 1465 1343 1516 Homer.

803 1537 846 1589 lli.
861 1538 907 1599 Vl,
922 1535 974 1586 ‘270
990 1549 1079 1601 seqq.¹

838 1604 907 1673 βοῦς
926 1602 1027 1669 χιλίας]
1046 1605 1208 1657 Eustathius
1223 1619 1255 1654 eo
1274 1602 1344 1664 loco,

805 1693 882 1740 quern
896 1677 931 1726 ad
943 1691 1003 1740 cap.
1020 1677 1053 1725 42
1066 1676 1223 1734 citavimus,
1240 1666 1345 1737 χιλιόμ-

805 1743 859 1813 dns
872 1746 923 1796 hoe
936 1744 1099 1796 sacrificium
1114 1745 1185 1796 millo
1200 1745 1280 1795 boum
1298 1758 1345 1806 ap·

805 1817 902 1882 pellat:
923 1831 975 1879 quo
989 1815 1123 1866 sacrificio
1136 1815 1230 1880 epulas
1243 1812 1347 1866 exerei-

805 1892 850 1936 tus
865 1884 945 1934 simul
957 1885 1090 1934 contineri
1106 1885 1163 1935 vult
1175 1884 1270 1934 Rhode
1283 1881 1345 1946 (Die

805 1954 899 2018 heilig.
913 1954 975 2018 Sag.
991 1953 1017 2003 d.
1031 1955 1105 2004 Pers.
1121 1951 1270 2018 pag.507),
1286 1967 1346 2003 curn

807 2023 879 2089 apud
892 2023 989 2073 Persas
1009 2039 1082 2073 more
1098 2027 1235 2086 receptum
1254 2021 1347 2073 luerit.

807 2099 837 2144 ut
851 2093 960 2142 hostiae
973 2096 1109 2143 mactatae
1123 2107 1218 2142 carnes
1230 2090 1264 2140 ad
1277 2105 1346 2148 eum,

809 2165 853 2228 qui
868 2159 1031 2211 sacrificium
1044 2161 1203 2222 obtulisset,
1218 2159 1348 2209 redierint

809 2237 836 2284 et
850 2233 885 2282 ab
900 2246 932 2282 eo
945 2231 1003 2280 sire
1018 2231 1075 2281 solo
1090 2232 1148 2282 sive
1160 2231 1214 2280 unt
1229 2243 1288 2278 eum
1301 2227 1348 2276 ho·
1424 2253 1430 2266 ·

809 2302 926 2366 spitibus
936 2304 984 2350 aut
996 2300 1137 2351 sodalibus
1147 2313 1272 2350 comesse
1282 2298 1348 2349 sint.

217 2386 308 2419 sarum
323 2385 412 2436 regern
427 2370 538 2420 Graecis
554 2370 651 2420 bellurn
670 2369 760 2419 illatu-
809 2374 851 2422 De
866 2386 918 2436 quo
933 2374 995 2418 utut
1009 2371 1125 2434 statuis,
1146 2371 1206 2433 ipss
1221 2382 1348 2418 numerus

217 2456 274 2490 rum
290 2439 354 2488 huic
366 2439 433 2489 deae
450 2456 529 2489 sacra
541 2440 632 2496 iacere
646 2453 759 2503 eamque
809 2441 882 2492 mille
899 2441 980 2490 bourn
996 2442 1128 2491 neminem
1145 2437 1278 2496 offendet,
1302 2437 1348 2501 qni

217 2509 267 2559 hoc
279 2509 358 2560 modo
369 2510 514 2574 propitiam
526 2510 579 2560 sibi
591 2509 703 2560 reddere
713 2524 761 2558 vo·
808 2511 988 2576 reputaverit,
995 2515 1037 2560 ter
1045 2509 1119 2560 mille
1127 2508 1233 2559 hostias
1243 2523 1261 2557 ιι
1269 2507 1349 2557 Croe-

217 2579 313 2630 luisee:
345 2595 428 2645 quare
446 2579 566 2630 Graecae
589 2581 671 2630 huius
691 2579 759 2629 deae
809 2598 840 2632 so
860 2579 968 2631 oblatas
990 2579 1102 2644 (Herod.
1122 2581 1151 2642 1,
1170 2577 1205 2630 50
1224 2577 1272 2628 ubi
1292 2577 1347 2625 vid.

217 2649 268 2698 hoc
285 2646 345 2699 loeo
361 2648 452 2698 cultae
471 2649 656 2714 appellatione
671 2649 760 2698 Persi·
810 2649 909 2717 nott),
937 2649 994 2700 alie
1023 2649 1179 2700 huiusmodi
1205 2646 1349 2708 sacrificis,

218 2735 278 2768 curn
291 2721 387 2782 utique
400 2733 507 2778 numen,
521 2719 592 2784 quod
602 2721 705 2770 Xerxes
714 2734 760 2769 ve·
809 2737 879 2786 quae
894 2721 1116 2770 commemorarit
1127 2716 1261 2769 Lasaulx:
1284 2715 1349 2766 Stu-

218 2793 329 2839 neratus
353 2789 404 2850 sit,
429 2788 544 2854 intelligi
567 2789 675 2840 credam
698 2803 758 2838 erun
810 2791 872 2841 dien
889 2791 913 2841 d.
925 2790 1006 2842 class.
1020 2789 1136 2840 Altertb.
1149 2803 1176 2854 p.
1189 2787 1241 2838 269
1252 2801 1309 2852 seq.

179 2896 184 2904 .
219 2857 299 2922 plane
321 2858 349 2907 iu
370 2858 493 2916 modurn,
516 2875 568 2923 quo
582 2860 760 2920 Artaxerxes,
851 2855 919 2924 χοὰς
947 2853 978 2909 dl
1004 2853 1034 2908 οί
1057 2850 1142 2924 polyer
1164 2857 1237 2906 τοῖσι
1258 2846 1349 2920 ἥρωσι

219 2931 365 2992 antequam
392 2945 503 2991 regnum
531 2933 702 2993 capesseret,
729 2933 760 2977 ut
809 2920 936 2994 ἐχέαντο]
953 2919 1292 2994 χοάςέχὲαντονιιὶοίιοιι.
1309 2941 1350 2974 re·

218 2997 383 3074 initiaretur,
393 2998 760 3063 intreseedicttnrrenptum
810 3007 853 3051 ete
871 3001 980 3062 accepit
998 3016 1046 3065 pro
1067 2989 1214 3061 ίνήγιοανς
1239 2997 1272 3047 de
1297 3011 1349 3060 quo

218 3067 302 3128 deae,
320 3081 357 3129 ην
369 3059 496 3136 Ἀθηνᾷ
508 3060 544 3115 ἄν
557 3084 599 3124 τις
613 3061 760 3130 εἰκάσειεν,
810 3071 892 3121 verbo
906 3070 961 3120 vid.
978 3074 1048 3119 nott.
1060 3068 1095 3118 ad
1108 3069 1131 3128 1,
1145 3067 1203 3119 lor.
1230 3069 1288 3118 Nec
1300 3064 1351 3114 eli·

218 3151 287 3201 quae
307 3135 389 3186 rerba
411 3141 474 3186 sunt
496 3137 635 3188 Plutarchi
656 3140 683 3187 in
700 3139 757 3191 Vit.
810 3147 852 3190 ter
873 3139 1041 3191 intellexisse
1059 3139 1139 3188 video
1158 3138 1293 3202 Heynium
1316 3133 1349 3183 ad

218 3207 363 3256 Artaxerx.
377 3222 437 3271 cap.
447 3209 472 3256 4.
493 3208 535 3257 De
546 3208 656 3256 Persico
668 3211 757 3256 autern
808 3209 993 3260 Lechevalier.
1007 3209 1025 3259 l.
1037 3209 1055 3259 l.
1070 3224 1096 3272 p.
1110 3205 1144 3256 58
1155 3211 1222 3256 nott.
1242 3205 1298 3256 Sub
1307 3205 1350 3254 le-

219 3277 328 3325 nuroine
344 3276 367 3325 si
385 3281 545 3340 quaeratur,
568 3277 620 3326 iarn
639 3276 760 3327 Klenker
809 3281 895 3330 roilus
909 3283 999 3328 autern
1013 3277 1040 3330 h.
1052 3277 1069 3326 l.
1081 3276 1201 3327 Xlealrer
1218 3274 1237 3324 1.
1250 3275 1266 3323 l.
1286 3291 1348 3339 pag.

219 3345 342 3410 Append.
357 3346 390 3395 ad
403 3345 566 3396 Zendevest.
582 3346 634 3395 ΙΙΙ.
648 3362 711 3410 pag.
725 3347 759 3398 23
810 3351 843 3400 24
865 3347 983 3413 intelligi
1007 3347 1066 3397 vult
1087 3347 1177 3398 beroeis
1195 3347 1350 3406 Homericos,

219 3415 395 3472 observarat,
410 3416 432 3464 si
446 3431 511 3465 vera
523 3421 629 3476 essent,
646 3431 715 3480 quae
727 3415 760 3466 de
810 3435 879 3480 curn,
895 3417 1075 3482 Xenophonte
1089 3431 1194 3482 qnoque
1206 3419 1286 3476 teste,
1299 3414 1350 3477 cy.

219 3485 309 3536 Xerxe
320 3483 461 3534 Minervae
473 3485 574 3536 lliaene
588 3485 761 3536 sacrificante
811 3505 856 3538 rus
876 3495 958 3552 atque
970 3488 1044 3551 Magi
1065 3487 1277 3549 uniuscuiusque
1298 3488 1350 3534 ter·

220 3555 376 3605 Herodotus
390 3555 519 3618 tradidit,
534 3557 648 3606 Xerxem
665 3557 763 3618 proba·
811 3573 868 3620 rae,
878 3573 958 3623 quarn
970 3562 1148 3622 permearent,
1159 3555 1256 3604 herotis
1267 3554 1351 3604 adro-

219 3623 311 3674 biliter
326 3625 463 3688 cogitasse
476 3624 509 3674 de
521 3627 651 3686 Anoitr'rle,
666 3626 762 3676 Persa·
812 3644 875 3680 ears
893 3627 1086 3679 consueverint
1100 3626 1261 3690 indigenas,
1283 3639 1351 3688 qnos

219 3709 277 3742 rum
292 3693 355 3754 dea,
371 3709 451 3758 quarn
469 3711 517 3759 pro
532 3696 696 3745 Graecorum
712 3696 762 3744 ldi-
812 3699 864 3748 sibi
878 3699 1012 3763 propitios
1025 3696 1177 3747 redderent.
1201 3698 1295 3759 Neque
1309 3699 1352 3742 ta-

221 3779 307 3812 nerra
330 3764 439 3827 quidem
466 3765 619 3828 accipiant,
643 3765 689 3814 alii
713 3781 761 3828 pro
810 3767 849 3818 lia
865 3767 1010 3818 abhorrere
1025 3766 1274 3832 putatal'ersiese
1289 3763 1352 3813 reli-

221 3833 313 3881 Diaua
325 3831 439 3897 habent,
459 3851 517 3884 curn
532 3835 612 3885 lunae
627 3833 763 3900 signitica-
812 3839 900 3906 gloriis
916 3836 1019 3895 indole3
1040 3837 1064 3887 si
1076 3836 1183 3901 quidem
1195 3828 1295 3884 Perses
1307 3833 1352 3883 be·

221 3902 323 3951 tionem
347 3903 374 3952 iu
399 3919 437 3954 ea,
453 3905 543 3960 inesse
566 3910 674 3968 putent;
705 3905 761 3958 vid.
811 3911 873 3960 rotis
891 3923 944 3958 non
962 3911 1092 3971 tanquam
1110 3906 1175 3956 deos
1194 3907 1281 3968 ipsos,
1303 3901 1350 3954 sed

221 3969 324 4022 rtoeru:
344 3972 442 4023 Geseh.
454 3974 479 4026 d.
491 3973 647 4039 Philosoph.
659 3975 681 4024 1.
692 3979 762 4024 nott.
812 3983 842 4028 ut
855 3979 950 4043 genios
962 3977 1048 4028 honos
1058 3977 1116 4026 sive
1126 3976 1222 4026 summi
1233 3974 1296 4023 boni
1307 3987 1352 4036 ge-

27 4039 30 4069 ²
131 4087 137 4094 .
162 4040 347 4105 .--pagam
366 4042 568 4098 collorcuzer.
588 4043 759 4108 Symbolll.
813 4049 850 4098 nii
862 4049 1002 4098 ministros
1016 4051 1098 4110 atque
1111 4045 1265 4105 adiutores,
1285 4056 1351 4105 qua·

222 4109 335 4174 P1ssl3i‘
362 4113 509 4180 Equidem.
538 4119 568 4162 ¹12
589 4114 677 4164 dicam
696 4115 760 4178 quid
811 4117 850 4168 les
861 4122 994 4168 vocantur
1006 4117 1110 4172 Feruor,
1125 4114 1258 4165 coluerint
1271 4116 1352 4174 atque

220 4181 351 4238 seutiam,
370 4181 402 4232 de
421 4199 454 4235 ea
468 4183 518 4233 dea
537 4183 582 4234 lrie
596 4185 641 4244 api
658 4189 760 4248 putem,
811 4187 1009 4238 invocaverint.
1035 4186 1070 4234 dt
1081 4184 1159 4234 Gallo
1171 4183 1261 4242 docto,
1273 4180 1353 4230 01ιοί-

220 4265 300 4314 quum
315 4251 416 4302 Persae
434 4254 572 4304 vocabant
588 4252 704 4312 Μίτραν
723 4259 761 4305 te·
811 4256 1027 4312 seul-Gouirier.
1052 4257 1165 4319 Voyage
1181 4252 1352 4316 pittoresque

220 4325 261 4370 ate
276 4319 415 4372 Herodoto
433 4325 460 4386 I,
475 4324 538 4382 132,
560 4323 606 4373 ubi
620 4323 676 4375 vid.
691 4341 760 4389 quae
812 4331 865 4379 etc.
882 4328 919 4376 ll.
933 4342 995 4391 pag.
1010 4324 1061 4375 385
1074 4324 1121 4374 vix
1135 4319 1263 4372 credibile
1278 4319 1353 4370 vide-

220 4389 375 4441 attulimus:
394 4391 436 4441 iris
452 4393 520 4443 adde
535 4392 760 4444 Windisehmsnn
811 4399 870 4456 tur,
891 4397 987 4459 Magos
1002 4395 1029 4442 in
1049 4391 1185 4459 peregrini
1200 4391 1291 4442 herois
1306 4391 1353 4438 lio·

219 4459 263 4508 in:
283 4457 427 4516 Abbandll.
443 4463 469 4514 d.
485 4462 612 4514 Miinehn.
626 4462 713 4514 Akad.
733 4463 759 4516 d.
812 4481 902 4516 norem
916 4465 1062 4516 libationes
1073 4463 1184 4524 fecisse3
1196 4461 1354 4528 itaqueHe·
