3054 4972
503 390 775 454 POLYMNIA.
802 385 872 448 VII.
891 396 1011 452 ot-ot.
1258 385 1319 446 555

190 565 271 658 πρὸς
291 564 400 654 δεξιὰ,
418 565 538 656 μακρά.
583 570 747 644 Αἰθίοπες
768 561 805 632 δὲ
826 565 1015 654 παρδαλέας
1036 562 1146 632 τεκαὶ
1168 564 1321 640 λεοντέας

190 787 235 822 ras
254 769 375 822 corrant‘*
415 768 550 832 Langius:
574 765 731 816 δίεΑναδττ
781 766 881 831 equino
904 767 1013 816 concita
1038 763 1133 816 tela“:
1162 779 1215 830 quo
1241 762 1320 814 modo

190 858 276 891 waren
289 843 329 888 nsit
343 841 428 889 meilen
442 837 620 889 Oterlrleideru
633 841 732 899 ansgrtr-
781 837 874 900 utique
886 837 1060 886 Homericum
1081 835 1147 886 illud
1164 833 1321 882 παλίντονα

191 919 233 963 tet.
267 909 361 958 hialim
378 909 517 974 equidem:
545 907 732 970 „aspicerent
782 900 850 966 τόξα
864 903 1088 970 (111.V111.·266.
1110 904 1249 966 xv,ttt.
1267 901 1319 953 Od.

191 981 285 1040 induti,
304 981 401 1043 cingulo
415 979 486 1043 infra
503 993 528 1028 s.
543 977 579 1026 od
596 977 731 1039 inferiores
783 976 857 1032 XXI,
873 976 916 1035 [λς
930 975 1000 1026 unde
1011 975 1084 1040 apud
1093 974 1219 1040 apollon.
1231 972 1319 1025 ahod.

190 1052 306 1114 corporis
320 1057 412 1114 parter
430 1047 552 1098 adacto.“
587 1045 629 1094 De
649 1043 731 1094 verbo

191 1113 389 1177 ὑποζωννόναι
411 1118 483 1168 coni.
501 1115 603 1166 Herod.
621 1115 665 1175 ΙΙ,
688 1112 730 1171 85,

192 1189 240 1239 nbi
260 1189 328 1237 bene
347 1185 542 1252 Wyttenhach.
567 1188 595 1234 iu
616 1183 729 1234 Selectt.

191 1259 300 1308 historr.
316 1273 379 1324 pag.
394 1257 459 1307 355:
480 1246 731 1317 ,,ὖποζο1νννοθαι,

191 1329 315 1391 succingi,
335 1328 388 1376 trie
401 1325 457 1376 iere
475 1329 567 1374 notat:
590 1325 658 1372 intra
672 1325 732 1372 reli-

192 1413 256 1464 quos
272 1405 355 1446 cester
370 1399 491 1460 cingulum
510 1395 613 1458 corpori
629 1393 732 1440 circien-

194 1468 273 1522 δορα·
291 1466 425 1528 inserioree
436 1472 540 1530 portes,
558 1463 585 1512 id
599 1467 656 1522 est,
674 1463 734 1510 lanr-

195 1537 239 1586 dos
254 1543 277 1586 et
289 1536 408 1598 pudendo
425 1543 510 1599 tepere
520 1535 629 1596 clngtrlo:
646 1535 734 1596 longos

193 1614 273 1658 uestes
292 1607 366 1654 attins
386 1621 402 1653 α
419 1604 526 1668 peditus
544 1617 641 1652 sarsum
657 1602 733 1650 redu·

193 1684 248 1724 ctos
265 1675 365 1738 τλαρετε
382 1676 417 1723 od
430 1673 578 1733 facilitatem
592 1669 733 1721 incessus.'‘

194 1747 272 1806 Quae
295 1745 355 1808 ipsa
374 1743 538 1808 significatio
558 1743 587 1790 in
613 1746 734 1790 nostrum

194 1814 280 1863 locum
301 1813 403 1878 optime
421 1811 547 1876 quadrat.
579 1810 638 1860 Vox
649 1803 735 1872 ζειρὰ,

196 1898 266 1948 quae
280 1885 362 1932 etiarn
378 1883 515 1931 invenitur
533 1879 600 1940 Vll,
619 1881 667 1942 75,
690 1894 735 1928 ex-

194 1953 303 2018 ponitur
313 1953 341 2002 in
351 1951 441 2004 Gloss,
456 1949 556 2000 Herod.
570 1946 662 2012 μίτρα,
677 1963 735 1997 ται-

195 2020 258 2084 νία,
272 2016 414 2084 διάδημα,
428 2013 541 2084 ίμοὶττον
552 2057 558 2081 ,
569 2011 652 2081 ζεόνη,
666 2032 734 2082 πορ-

194 2088 308 2153 φυροῦν
323 2083 439 2152 ἔνδυμα.
469 2089 549 2142 (loni.
567 2088 648 2138 etiam
662 2088 735 2138 Pier-

195 2176 254 2210 son.
275 2159 310 2209 ad
322 2159 436 2210 Moerid.
452 2175 478 2224 p.
495 2157 544 2210 133
563 2161 591 2208 et
608 2157 641 2206 de
656 2159 734 2208 vocis

195 2230 282 2279 forma
300 2229 428 2280 Schaeier
445 2234 471 2278 et
484 2230 559 2278 Best.
575 2227 609 2277 ad
620 2226 734 2292 Gregor.

195 2299 318 2351 Corinth.
331 2315 394 2364 pag.
402 2299 444 2349 51.
464 2299 594 2348 Timaeus
604 2297 631 2345 in
641 2297 734 2346 Lexic.

194 2368 302 2420 Platon.
313 2385 339 2433 p.
349 2368 411 2419 129:
425 2365 527 2430 ζειραί·
543 2363 658 2430 χιτῶνες
668 2357 737 2414 ἄνα.

782 1047 810 1107 1,
828 1045 893 1096 993:
918 1043 1090 1093 παλίντονον
1109 1037 1204 1108 τόξον)
1225 1047 1252 1094 et
1269 1047 1320 1093 Aa·

781 1115 919 1179 schyleum
942 1113 1106 1179 (Choiphor.
1132 1111 1193 1178 151)
1222 1110 1321 1162 παλίν-

780 1199 851 1232 τονα
874 1177 939 1248 βέλη
963 1189 991 1234 et
1006 1183 1186 1248 Sophocleum
1209 1181 1320 1248 (Ttach.

781 1253 844 1318 tto)
861 1252 1017 1302 παλίντονα
1028 1246 1098 1313 τόξα
1111 1252 1260 1304 reddidisse
1273 1267 1322 1317 pu-

781 1323 882 1373 tandus
903 1323 955 1373 erit
975 1326 1056 1387 polita
1069 1323 1199 1383 Latinus;
1223 1321 1322 1372 intelli-

782 1393 862 1458 gendi
885 1393 969 1456 igitur
990 1397 1069 1444 eruut
1089 1407 1183 1455 arcus,
1210 1393 1257 1456 qui
1279 1391 1323 1456 (ut

782 1464 822 1512 ait
836 1461 983 1512 Blumfield.
997 1463 1032 1512 ad
1044 1461 1169 1526 Aeschyl.
1188 1460 1248 1526 hl.)
1263 1476 1322 1510 ner·

783 1532 824 1583 vis
838 1531 934 1581 solutis
948 1546 1001 1581 non
1016 1531 1087 1581 illico
1097 1521 1267 1593 εόθότονοι,
1282 1545 1323 1579 re·

784 1603 817 1651 cti
835 1601 947 1660 flebant,
970 1601 1018 1652 sed
1038 1603 1066 1652 in
1084 1601 1247 1652 contrariam
1262 1615 1323 1663 par-

784 1677 838 1721 tem
849 1686 878 1721 se
888 1671 1042 1722 flectebant.
1059 1671 1149 1736 Atque
1160 1669 1222 1720 iude
1230 1668 1321 1720 Schol.

785 1741 820 1790 ad
838 1739 880 1790 lli.
900 1741 983 1804 Vlll,
1004 1741 1054 1792 tto
1073 1743 1185 1807 exponit
1200 1735 1269 1800 τόξα
1283 1731 1323 1794 είς

784 1801 910 1859 τούπίσω
932 1805 1088 1874 τεινόμενα.
1131 1811 1228 1874 Itaque
1250 1814 1324 1858 recte

783 1879 825 1930 vir
839 1879 936 1930 doctus
950 1883 990 1930 in:
1011 1881 1148 1945 Goetting.
1164 1879 1220 1930 Gel.
1237 1880 1322 1928 Anae.

787 1947 861 1999 1837.
875 1965 937 2013 pag.
953 1951 1019 2002 1816
1031 1949 1100 2016 seq.)
1114 1951 1323 2013 interpretatur:

785 2019 853 2081 ;,ein
872 2019 980 2083 Bogen,
1002 2019 1098 2070 descen
1117 2018 1275 2069 Eleaticitdt
1292 2031 1323 2065 so

785 2103 862 2151 gross
878 2088 929 2150 ist,
950 2088 1013 2139 dass
1027 2105 1055 2139 er
1067 2105 1120 2139 von
1135 2090 1223 2139 eeiuer
1235 2087 1323 2137 Sehnc

784 2157 882 2207 beireit
905 2158 974 2208 nach
994 2159 1041 2208 der
1061 2159 1163 2208 andern
1185 2157 1260 2208 Seite
1278 2155 1324 2204 hin

785 2227 844 2276 sich
856 2227 940 2292 biegt‚
957 2227 998 2278 als
1011 2228 1078 2278 nach
1089 2228 1137 2277 der
1149 2243 1177 2276 er
1189 2229 1324 2292 gespannt

774 2297 839 2346 und
854 2312 974 2361 gerogen
986 2299 1083 2346 wird.“
1112 2297 1181 2346 Add.
1197 2311 1266 2360 quae
1279 2309 1324 2344 ex·

786 2367 877 2430 posuit
893 2367 961 2416 Wex
982 2368 1023 2417 in:
1049 2366 1181 2418 zeitschr.
1200 2365 1218 2416 i.
1235 2364 1324 2414 Alter-

102 2672 104 2677 ·
195 2647 272 2698 Alius
290 2648 485 2726 grammaticus
508 2651 673 2710 exposuerat
696 2637 737 2694 ἔν’.

786 2435 1123 2488 thumsrrissensoh.1839.
1138 2451 1177 2486 nr.
1192 2435 1248 2485 145.
1263 2447 1324 2498 pag.

789 2506 852 2557 llttl
873 2519 928 2570 seq.
945 2533 978 2542 -
996 2507 1060 2557 Mox
1073 2504 1246 2556 Florentinus
1263 2519 1324 2553 curn

786 2574 847 2625 aliis
858 2572 1026 2636 προσδὲξτας
1047 2575 1130 2626 malni
1139 2573 1261 2638 equidem
1272 2573 1325 2624 dia·

788 2645 901 2694 iunctim
921 2645 998 2697 edere
1016 2638 1086 2707 πρὸς
1100 2639 1192 2706 δεξιὰ,
1213 2659 1273 2694 oum
1287 2644 1326 2692 in-

195 2710 270 2781 δνμά
281 2733 325 2780 τι,
346 2707 363 2765 ό
376 2706 567 2766 ίαενδόνοντο
583 2706 651 2766 μετὰ
669 2707 737 2772 rode
784 2713 944 2780 telligentur
955 2731 1034 2766 arens
1046 2716 1082 2764 ad
1089 2717 1205 2766 dextram
1220 2713 1328 2779 adpenai

195 2782 328 2851 χιτῶνας,
356 2775 449 2848 ὥσπερ
469 2777 628 2849 ἐφεστρίδα.
666 2786 736 2836 Utut
785 2801 807 2836 s.
821 2789 943 2846 carpereti.

197 2861 253 2916 est,
269 2855 324 2904 h.l.
343 2854 457 2920 intelligi
472 2855 580 2905 videtur
593 2855 737 2905 vestimen·
826 2851 964 2912 Αἰθίοπες
987 2845 1018 2902 δὲ
1042 2844 1201 2914 παρδαλέας
1224 2865 1252 2900 τε
1277 2846 1325 2899 καλ

197 2930 254 2974 turn
273 2941 294 2974 s.
313 2939 406 2988 sagum
426 2923 562 2988 amplum,
581 2923 686 2988 largum
703 2941 736 2973 ac
786 2915 1094 2988 λεοντέαςζέναμμένοι]
1121 2925 1140 2976 i.
1152 2939 1174 2973 e.
1190 2921 1327 2984 Aethiopes

196 2995 335 3043 sinuosum
346 3030 352 3054 ,
365 2992 477 3058 reliquis
487 2993 611 3042 restibus
623 2994 681 3045 sive
694 2999 735 3043 tu·
780 2989 919 3058 por-dorum
943 2998 1085 3059 leonumque
1105 2992 1213 3057 pellibus
1235 2993 1327 3048 orricii,

198 3063 275 3111 nicae
287 3061 492 3128 superindutum
513 3067 540 3110 et
554 3063 663 3127 cingulo
678 3079 735 3113 eur·
786 3065 871 3114 induti.
917 3065 958 3114 hd
985 3063 1056 3113 hanc
1079 3062 1259 3124 locutionem,
1292 3059 1326 3109 ad

197 3147 256 3180 sum
282 3130 428 3180 adductum
451 3129 486 3179 ad
510 3131 672 3182 facilitatem
697 3135 737 3182 iu·
787 3149 866 3198 qnam
887 3133 970 3198 ‘vulgo
991 3132 1117 3197 supplent
1134 3129 1222 3192 δορᾶς
1242 3146 1264 3182 s.
1279 3127 1326 3178 δο-

172 3215 301 3252 ·cessua,
340 3201 414 3261 Quae
432 3199 582 3250 eadamest
600 3203 737 3252 sententia
787 3195 1327 3266 cdv,Valckenar.excitavithristoph.

198 3269 448 3333 Galliinterpretis,
459 3269 647 3335 Miotrneque
658 3268 737 3320 aliter
787 3273 857 3324 Rau.
879 3270 939 3324 433,
970 3271 1083 3320 Cornut.
1106 3272 1146 3320 De
1169 3273 1226 3320 nat.
1251 3270 1324 3320 deor.

197 3339 265 3389 haec
279 3337 393 3403 intelligi
407 3336 495 3388 voluit
507 3337 606 3388 Struve
619 3338 736 3404 Opnscc.
788 3342 831 3390 tt.
858 3341 1021 3402 Harpocrat.
1037 3357 1059 3390 s.
1076 3355 1100 3388 r.
1117 3337 1249 3406 νεβρίζων
1266 3337 1327 3388 coll.

197 3409 235 3463 11.
249 3425 276 3474 p.
292 3409 343 3460 345
357 3423 429 3472 seq..
446 3408 492 3458 ubi
507 3407 577 3459 huno
590 3408 677 3458 locum
693 3425 736 3460 ac·
790 3408 880 3459 Schol.
893 3409 1030 3458 Theocrit.
1044 3409 1067 3470 1,
1081 3407 1096 3456 3
1111 3415 1139 3460 et
1153 3409 1279 3459 Euatath.
1292 3406 1328 3456 ad

197 3483 292 3530 curate
305 3481 420 3528 tractat.
790 3477 869 3530 lliad.
882 3479 934 3528 ΙΙΙ.
954 3494 980 3542 p.
998 3477 1063 3541 283,
1076 3479 1119 3531 43,
1149 3479 1211 3528 Alia
1225 3478 1328 3528 dabunt

231 3541 301 3610 τόξα
311 3543 479 3612 παλίντονα]
497 3546 600 3611 Tangit
610 3545 737 3599 Eustath.
789 3545 952 3611 wesseling.
964 3546 998 3596 ad
1010 3548 1122 3598 Diodor.
1134 3549 1156 3611 1,
1170 3547 1197 3598 ll
1213 3548 1329 3597 etLem-

198 3619 232 3668 ad
245 3618 287 3669 Ili.
305 3633 331 3683 p.
345 3617 411 3680 375,
424 3615 442 3666 9
456 3631 477 3666 a.
491 3617 542 3667 283
555 3621 624 3667 extr.
638 3621 665 3666 et
677 3617 737 3676 712.
788 3618 857 3668 hert.
866 3617 929 3669 Bos.
939 3618 979 3668 De
990 3615 1091 3681 ellipse.
1101 3633 1163 3683 pag.
1175 3618 1233 3668 115.
1248 3617 1328 3667 Simi-

197 3688 232 3738 20
243 3703 264 3738 s.
276 3687 335 3749 598,
346 3688 387 3750 λδ,
403 3686 448 3737 ubi
460 3691 534 3736 recte
547 3687 659 3751 exponit
670 3677 739 3746 τόξα
787 3686 826 3736 lia
843 3686 976 3750 quaedam
994 3685 1089 3736 attulit
1108 3702 1213 3754 quoque
1229 3686 1328 3738 Strure

198 3747 243 3805 ἔπλ
253 3749 362 3816 θάτερα
375 3753 445 3818 μέρη
458 3751 618 3820 κλινόμενα,
633 3758 651 3805 i.
662 3771 684 3806 e.
694 3771 737 3804 ar·
789 3757 904 3816 Opuecc.
923 3756 960 3806 11.
979 3771 1040 3822 pag.
1060 3757 1105 3817 71,
1127 3773 1180 3823 quo
1203 3761 1328 3806 mouente

198 3829 261 3888 cus‘,
280 3826 364 3892 quiin
380 3833 622 3890 utramquepartem
637 3825 738 3890 flexiles
788 3817 963 3890 ,ἐνημμένος
984 3842 1009 3874 τι
1026 3825 1126 3877 δίοἰλατ
1142 3829 1181 3887 is,
1205 3826 1251 3890 qui
1271 3825 1328 3890 pal·

198 3905 268 3954 aunt,
282 3896 472 3957 tendiposeunt,
487 3896 538 3944 reta
552 3897 694 3959 reciproco,
707 3898 738 3944 ut
788 3895 822 3946 lis
844 3895 887 3946 vel
906 3895 971 3960 pelli
989 3897 1130 3958 amicitur,
1156 3897 1196 3945 ita
1212 3900 1243 3945 ut
1260 3894 1328 3944 haec

199 3965 240 4014 ait
259 3965 351 4013 httius
370 3963 442 4028 apud
460 3964 574 4013 Varron.
596 3967 626 4015 It.
640 3965 670 4014 1..
687 3965 734 4014 vt.
788 3966 952 4017 vestimenta
971 3966 1115 4016 maximnm
1133 3965 1253 4030 corporis
1267 3978 1328 4027 par-

199 4049 226 4096 p.
241 4033 274 4082 78
287 4037 400 4082 notante
415 4033 436 4081 1.
452 4032 591 4097 Scaligero
610 4050 670 4100 pag.
688 4034 737 4084 144
788 4040 842 4084 tam
864 4039 959 4100 tegant
986 4033 1222 4100 involvantqne;“
1251 4032 1328 4081 addit

199 4100 457 4166 (cancromata).
474 4102 549 4152 'Attii
562 4103 647 4163 locus,
658 4119 737 4168 quern
788 4105 858 4155 idem
870 4106 913 4154 sir
924 4104 1030 4166 doctus,
1042 4105 1254 4169 nonporiectum
1265 4116 1328 4164 pas-

198 4170 398 4236 Wesselingius
420 4172 476 4220 iarn
499 4172 645 4234 iudicarit,
671 4173 738 4237 legi·
789 4173 841 4223 sivi
860 4173 901 4238 (ut
920 4179 1049 4236 posuerat
1063 4174 1160 4224 Matth.
1179 4172 1225 4222 Gr.
1241 4170 1326 4232 (11.1.

199 4245 244 4290 tur
269 4240 341 4305 apud
358 4241 507 4290 Varronem
529 4243 571 4291 De
590 4241 656 4306 ling.
674 4243 736 4292 Lat.
788 4245 850 4306 424,
863 4243 890 4309 t)
905 4245 950 4294 hic
963 4243 1098 4304 adhiberi,
1114 4241 1161 4294 sed
1176 4239 1255 4290 medii
1269 4255 1328 4304 per-

200 4309 328 4372 V11‚80,
351 4309 525 4374 depromptus
540 4327 572 4360 ex
584 4311 738 4362 Philocteta
790 4312 899 4363 lectum.
925 4339 959 4350 -
982 4313 1023 4362 De
1049 4310 1227 4375 Aethiopibus
1253 4311 1326 4360 coni.

199 4379 346 4446 (Fragmm.
363 4393 403 4428 nr.
420 4379 469 4428 IX.
488 4395 529 4430 vs.
547 4381 599 4432 545
617 4381 658 4433 ed.
673 4381 738 4431 Rib-
789 4382 947 4444 111‚17.97.
974 4383 1075 4431 Nostro
1087 4380 1148 4431 loco
1160 4379 1228 4430 bene
1241 4381 1328 4430 utitur

198 4447 294 4516 bech):
325 4449 492 4512 „reciproca
516 4449 630 4502 tendens
655 4465 739 4502 nervo
790 4451 910 4504 Haerent
927 4451 1010 4504 ldeen
1024 4451 1070 4514 11,
1087 4450 1109 4501 1'.
1124 4465 1150 4517 p.
1164 4449 1216 4501 310
1232 4449 1266 4504 ad
1283 4467 1328 4504 ex·

195 2433 409 2501 sanctionicae,
433 2437 479 2487 uhi
492 2435 635 2488 Ruhnken.
653 2436 736 2486 scribi

196 2507 300 2558 mavult
318 2500 599 2569 δνακεαολπωμένοι,
623 2509 654 2555 ut
672 2509 737 2556 tuni-

194 2595 240 2628 cae
252 2575 440 2642 intelligantur
454 2579 478 2625 in
494 2579 572 2628 sinam
585 2577 735 2638 replicatae.
