3002 4972
559 327 738 391 ERATO.
761 331 816 392 VI.
844 339 961 397 16-40.
1266 333 1328 396 245

190 504 339 590 αἱρέουσι
354 496 427 570 κατ’
443 497 547 591 ἄκρης
561 505 645 595 ἕκτῳ
660 509 729 572 ἔτει·
741 499 806 572 ἀπὸ
821 509 878 592 τῆς
892 501 1091 586 ἀποστάσιος
1104 510 1161 594 τῆς
1178 504 1326 594 Ἀριστα-

189 607 314 692 γόρεω,
333 606 389 673 καὶ
403 601 694 692 ἠνδραποδίσαντο
708 605 770 696 τὴν
783 606 899 694 πόλιν,
915 604 999 676 ὥστε
1013 625 1198 696 συμπεσεῖν
1211 609 1248 678 τὸ
1262 611 1324 680 πα’-

187 721 250 788 θος
263 713 309 801 τῷ
322 715 510 799 χρηστηρίῳ
523 714 569 801 τῳ
582 711 615 788 ἐς
629 717 784 798 Μίλητον
801 713 981 803 γενομένῳ.
1021 715 1247 800 Χρεωμίνοισι
1261 713 1325 804 γὰρ
1335 724 1371 784 19

186 809 361 901 Ἀργείοισι
378 813 415 880 ἐν
429 819 594 898 Δελφοῖσι
611 814 687 898 περὶ
702 820 867 901 σωτηρίης
888 819 945 902 τῆς
960 811 1073 894 πόλιος
1086 820 1143 904 τῆς
1162 821 1325 907 σφετέρης

188 914 335 1004 ἐχρήσθη
351 917 522 983 ἐπίκοινον
535 914 745 1003 χρηστήριον,
759 914 797 985 τὸ
811 917 873 1004 μὲν
887 919 919 996 ἐς
932 913 1054 998 αὐτοὺς
1068 916 1145 997 τοὺς
1155 916 1326 1006 Ἀργείους

188 1021 310 1142 φέροη,
334 1015 396 1104 τὴν
413 1016 449 1085 δὲ
471 1016 691 1106 παρενθήκην
712 1025 830 1107 ἔχρησε
849 1023 881 1099 ἐς
895 1027 1094 1108 Μιλησίους.
1122 1019 1159 1090 τὸ
1177 1025 1240 1109 μέν
1259 1050 1325 1093 νυν

187 1124 220 1200 ἐς
233 1147 311 1199 τους
328 1115 498 1208 Ἀργείους
521 1127 614 1208 ἕχον,
641 1120 744 1190 ἐπεαν
762 1120 846 1192 κατὰ
860 1128 957 1193 τοῦτο
973 1125 1121 1211 γένωμαι
1135 1151 1195 1193 του
1182 1124 1322 1214 λόγου,

186 1224 259 1292 τότε
272 1222 524 1312 μνησθήσομαι·
544 1251 585 1292 τα
573 1221 636 1294 δὲ
646 1238 731 1294 τοῖσι
747 1233 944 1314 Μιλησίοισι
961 1223 1002 1294 οὐ
1018 1231 1177 1315 παρεοῦσι
1193 1234 1321 1318 ἔχρησε,

187 1333 253 1413 ἔχει
267 1317 350 1396 ὦδε

361 1565 427 1615 Cre.
447 1565 550 1616 XVIII.

221 1661 290 1735 lurp
313 1659 413 1717 θεῖ’
396 1659 453 1715 aad
479 1665 529 1730 τῆς
553 1659 727 1725 οἷποστιίσισς

186 1735 238 1802 τῆς
259 1717 474 1818 Ἀρισταγόρεω]
511 1738 602 1800 Haeo,
624 1741 727 1802 tempo·

185 1823 242 1858 rum
257 1807 379 1856 rationes
394 1806 418 1855 ai
436 1821 596 1870 aequamur,
616 1808 726 1856 coniun-

127 1929 131 1938 ,
186 1882 231 1927 ota
245 1880 310 1926 aunt
326 1891 388 1927 oum
401 1875 448 1932 iia,
464 1890 533 1940 quae
545 1891 629 1940 supra
642 1876 678 1925 ad
691 1877 725 1938 V,

187 1947 236 1997 100
253 1946 455 1998 annotavimus.
489 1945 598 1996 Etenim
621 1945 646 1995 ai
665 1945 727 1995 Sar-

186 2015 242 2078 des,
256 2020 288 2064 ut
301 2015 339 2065 ibi
354 2015 503 2078 posuimus,
517 2030 588 2064 anno
600 2013 652 2065 490
662 2020 726 2064 anta

185 2084 246 2135 Chr.
263 2101 289 2134 u.
308 2088 407 2148 captae
421 2088 485 2133 aunt
505 2081 579 2147 (inde
598 2085 669 2133 anim
683 2083 726 2133 vel

183 2155 275 2220 potina
288 2153 322 2203 ab
336 2152 509 2218 expeditione
519 2155 614 2203 Ionum
628 2157 726 2203 eontra

184 2223 283 2276 Sardoa
296 2223 371 2273 laeta
381 2226 537 2272 numeratur
549 2221 725 2286 Aristagorae

183 2291 329 2357 (relectio),
343 2306 512 2357 consequens
526 2291 589 2341 inde
605 2297 662 2352 est,
676 2292 727 2341 Mi-

183 2363 266 2412 letum
287 2377 334 2411 aex
352 2362 432 2412 annia
452 2365 514 2425 post
532 2365 641 2425 captam
658 2361 725 2410 4οοί-

183 2433 246 2482 dere
268 2433 296 2481 in
311 2446 411 2481 aunum
425 2431 476 2483 404
494 2430 553 2480 aiva
567 2429 722 2494 Olympiud.

183 2501 287 2564 LXXI,
307 2501 336 2552 ³:
363 2499 514 2566 quodcum
534 2514 605 2548 anuo
620 2500 671 2551 406
684 2499 725 2550 la-

183 2575 255 2620 otum
268 2587 327 2622 ease
348 2573 426 2634 putet
439 2569 635 2620 Weissenborn
649 2567 725 2633 (Hel-

182 2639 223 2689 las
234 2657 259 2705 p.
276 2641 324 2690 144
339 2655 414 2704 seqq.
429 2639 477 2688 427
488 2655 574 2704 seqq„
590 2654 668 2704 quom
683 2655 724 2690 se-

182 2709 274 2773 quitur
287 2709 317 2758 O.
329 2709 360 2760 G.
372 2707 510 2758 Schmidt:
530 2709 572 2758 De
587 2709 662 2758 rebb.
676 2724 725 2773 pu·

182 2778 261 2829 blico.
270 2777 414 2828 lllileaiorr.
425 2793 486 2842 pag.
499 2775 543 2842 58)
559 2776 722 2828 eumSolrul-

181 2848 251 2909 taio,
267 2851 338 2898 sexli
350 2847 415 2896 anui
436 2847 563 2897 inlocum
579 2845 653 2911 apud
668 2847 724 2896 Ha·

81 2921 86 2930 '
180 2917 304 2967 rodotum
315 2915 445 2966 substitui
455 2917 513 2966 vult
526 2925 646 2980 quartum,
657 2931 723 2966 eon-

182 2985 289 3037 iurioue
309 2989 370 3035 orta
393 2985 464 3035 inter
485 2985 580 3034 literae
598 2987 618 3035 Z
640 2991 667 3035 et
686 2987 720 3049 Δ,

181 3055 279 3120 quibua
296 3055 439 3106 trinumeri
454 3053 519 3104 olim
535 3054 652 3105 indicati
664 3055 722 3105 sue·

180 3125 246 3175 riut.
268 3125 318 3174 Cui
331 3125 482 3174 assentitur
495 3124 578 3174 Grote
590 3124 607 3176 Ι.
622 3123 639 3175 l.
656 3138 718 3188 pag.

180 3194 227 3246 444
245 3209 331 3258 aeqq.⁷
350 3197 382 3243 ut
402 3194 445 3244 vel
459 3192 510 3243 406
525 3193 569 3244 ιε4
584 3193 634 3244 405
645 3193 721 3242 Mile·

180 3269 237 3314 tum
251 3267 360 3327 captam
373 3278 432 3314 aeae
446 3267 562 3314 statuat.
587 3263 719 3327 Equidem

180 3332 250 3383 hano
270 3348 349 3382 uuam
364 3347 462 3398 aequor
481 3333 630 3394 rationem,
650 3347 720 3396 quae

180 3418 240 3453 oum
255 3402 304 3464 iia,
324 3418 395 3466 quae
408 3402 443 3452 ad
455 3405 494 3463 V,
510 3401 559 3452 400
572 3401 720 3462 posuimus,

180 3471 308 3522 convenit
324 3487 448 3536 quaeque
466 3487 520 3520 uua
538 3470 601 3519 mihi
612 3470 720 3520 videtur

180 3547 257 3591 reeta
277 3555 346 3590 eane.

214 3603 341 3670 αἴρὲουοι
365 3599 427 3656 κατ’
456 3595 561 3672 ἄκρης]
603 3607 719 3656 Locutio

178 3677 251 3728 haud
263 3678 419 3744 infrequens
431 3677 463 3728 de
477 3677 551 3738 urbe,
562 3691 632 3741 quae
644 3677 720 3741 peni-

180 3753 224 3800 tua
243 3764 263 3798 a.
287 3748 360 3798 omui
373 3764 405 3798 ex
421 3751 498 3812 parto
518 3747 639 3811 capitur,
658 3761 719 3796 euru

178 3818 288 3882 proprie
303 3815 408 3868 valeat:
432 3819 490 3866 ι’κιίο
504 3833 520 3865 ιι
534 3831 623 3865 arnume
642 3819 718 3867 verti-

178 3903 217 3944 ce,
229 3903 245 3935 ιι
258 3889 349 3949 rapite.
371 3888 449 3948 Nam,
465 3889 494 3935 ut
504 3885 542 3934 nit
552 3885 716 3950 Schweigh„

177 3960 261 4020 ceput
275 3961 302 4006 et
313 3957 453 4006 summitas
463 3955 537 4004 urbia
547 3955 569 4003 ai
580 3969 717 4018 expugua-

177 4031 207 4075 ta
217 4029 370 4090 eat‚par·um
381 4025 413 4074 rle
426 4025 541 4074 caeteris
550 4023 715 4073 laboramus.

178 4097 222 4145 Tu
235 4095 291 4148 vid,
306 4094 407 4146 Herod.
424 4095 472 4155 VI,
486 4093 528 4144 82.
546 4093 654 4143 [Iomer.
671 4091 715 4142 Ili.

178 4165 263 4224 XIII,
278 4167 329 4214 772
348 4165 413 4228 ibiq.
437 4161 565 4212 Eustath.
584 4166 611 4211 et
627 4161 716 4226 Heyu

178 4234 210 4282 Τ.
226 4233 272 4283 VI.
296 4249 321 4296 p.
338 4234 398 4285 505.
424 4233 487 4294 XV,
501 4232 560 4282 557,
580 4230 717 4282 humbert.

177 4303 242 4352 Bos.
257 4302 367 4366 Ellipsa.
382 4303 412 4355 L.
427 4301 472 4352 Gr.
487 4317 550 4366 pag.
563 4299 624 4351 300.
637 4299 715 4348 Ilesa

177 4373 205 4421 in
222 4371 359 4422 Plutarch.
376 4370 473 4421 Timol.
491 4371 608 4436 Speoim.
629 4385 654 4433 p.
674 4369 716 4420 84.

777 1533 846 1584 Ado.
866 1534 947 1598 Aplta
974 1532 1009 1582 ad
1030 1533 1153 1597 Euripid.
1176 1535 1318 1591 Phoenisa.

780 1604 855 1656 1192.
869 1619 897 1668 p.
914 1601 971 1665 406,
987 1601 1137 1654 Blomtield.
1153 1603 1298 1658 Glossar'
1290 1623 1319 1655 ru

777 1672 903 1737 Aeschyli
911 1671 1031 1736 Choeph
1040 1671 1099 1736 670,
1106 1674 1214 1724 Amara
1206 1690 1248 1724 ιιι
1263 1675 1321 1724 Mii-

777 1741 865 1791 taell'a
881 1741 1040 1793 Zeitechrilt
1063 1742 1081 1791 f.
1101 1743 1230 1806 Gymnas.
1244 1745 1321 1794 VIII.

778 1828 803 1875 p
819 1811 884 1872 050,
899 1812 945 1876 qui
957 1810 984 1860 iu
1001 1811 1080 1864 hniua
1092 1811 1239 1862 looutlonis
1252 1814 1319 1862 rati·

777 1896 856 1930 onem
876 1879 1007 1944 inquitit,
1026 1895 1106 1946 quam
1124 1881 1237 1931 eandem
1252 1897 1319 1946 quo-

777 1965 827 2014 quo
841 1949 937 2014 attigit
950 1949 1047 2000 Grote:
1065 1949 1180 2014 History
1194 1951 1224 1999 of
1237 1950 1321 2002 Gree-

777 2034 807 2068 οε
826 2018 874 2068 IV.
893 2033 919 2082 p.
937 2017 1060 2082 lutseq.
1083 2022 1139 2068 not
1174 2019 1238 2069 Mox
1257 2035 1318 2070 oum

777 2085 928 2150 Solrweigh.
943 2091 971 2136 et
983 2085 1071 2136 Gaisl.
1085 2087 1175 2136 abieoi
1189 2089 1273 2139 verba
1286 2081 1317 2137 ἐν

775 2148 1316 2290 4.]’,4444444444444.ἷῖἕῖιέῗὲἓέ

776 2294 900 2358 requitur
918 2292 1016 2342 Matth.
1026 2299 1260 2370 ‚praeposuerat
1282 2324 1316 2333 —

775 2364 808 2442 Ιρ
825 2363 879 2413 fine
898 2379 959 2427 cap.
977 2332 1061 2413 verlra
1078 2375 1147 2410 ιοστε
1162 2366 1316 2426 συμπεσεῖν

775 2425 806 2480 τὸ
825 2425 959 2488 πάθοςκ.
973 2448 996 2479 τ.
1010 2431 1032 2480 λ.
1046 2430 1197 2495 Schweigh.
1218 2433 1284 2482 ita
1276 2449 1316 2483 rn-

774 2506 955 2566 terpretatur:
973 2509 999 2551 ιιι
1002 2501 1190 2566 ,ηαοιίαοιίιίίι
1204 2502 1267 2560 arbi,
1280 2505 1315 2552 ai-

773 2575 822 2621 mul
838 2572 969 2629 inciderit,
988 2572 1133 2634 oonpruerr't
1150 2587 1202 2619 cum
1218 2575 1317 2622 oraculi

773 2655 895 2704 responso
906 2645 930 2691 ιἰι
943 2639 1198 2690 promereamini
1210 2652 1314 2702 συμπε-

774 2712 834 2758 σειν
850 2709 1015 2774 provulgat.
1028 2706 1203 2772 συμπεσὲειν,
1216 2714 1247 2758 ut
1264 2709 1314 2772 444,

775 2781 832 2838 440,
855 2779 900 2828 ubi
920 2779 975 2832 vid.
1004 2778 1236 2828 Adatructuram:
1264 2773 1314 2828 αί-

773 2841 943 2926 ρέοησι-
911 2841 1314 2911 -κιιληνᾶραποὸίοαν-

772 2931 807 2967 το
826 2909 880 2982 τήν
896 2907 979 2966 πολιν
992 2917 1029 2968 ο4.
1043 2915 1129 2966 allatu
1143 2917 1222 2981 adV,
1235 2918 1278 2970 55.

960 3089 1027 3138 Car.
1045 3087 1118 3138 XIX.

805 3181 858 3254 τὴν
874 3183 904 3238 tt
920 3186 1122 3254 παρενθήκην]
1141 3190 1158 3239 i.
1174 3205 1196 3240 e.
1212 3191 1314 3239 addila-

770 3269 881 3324 menlnm,
891 3261 1058 3320 corollarium,
1069 3263 1099 3309 ut
1111 3259 1194 3324 vulgo
1208 3259 1311 3309 dieunt.

770 3331 812 3380 De
824 3329 876 3379 huo
888 3344 956 3379 voce
970 3327 1087 3378 Weaael.
1100 3329 1201 3377 excitat
1214 3329 1236 3386 4,
1251 3329 1309 3380 486.

770 3397 834 3458 VII,
848 3399 874 3448 5.
891 3399 946 3448 474.
970 3397 1031 3447 Alia
1045 3413 1077 3447 ex
1091 3396 1248 3455 Plutarcho,
1265 3397 1312 3446 Di-

771 3467 864 3530 odoro,
880 3467 951 3526 aliia,
966 3483 1014 3517 neo
1026 3471 1119 3516 nostro
1134 3466 1194 3516 loeo
1210 3466 1311 3516 omisso

771 3536 849 3586 dabit
868 3551 886 3585 a
906 3537 952 3585 Cr.
972 3535 1067 3586 laudat
1057 3541 1100 3585 tua
1116 3535 1311 3601 Wyttenbneh.

770 3605 804 3655 ad
816 3605 955 3655 Plutarch
967 3606 1035 3656 Mor.
1050 3605 1071 3669 1,
1082 3608 1107 3656 2.
1123 3621 1185 3670 pag.
1197 3605 1258 3656 046.
1278 3605 1311 3654 Iu

770 3676 891 3740 proxime
909 3691 984 3740 seqq.
1012 3691 1071 3725 oum
1091 3673 1309 3752 Solrwoighaeus.

771 3750 798 3794 et
810 3745 896 3796 Gaial.
911 3743 1027 3809 praetuli
1043 3737 1070 3802 ἐς
1087 3759 1153 3800 τους
1161 3738 1309 3808 Ἀργείους,

769 3815 848 3864 ouiua
871 3813 932 3864 loco
937 3813 1102 3895 Medicam,
1126 3814 1309 3872 llorentinua,

769 3883 816 3933 alii
848 3872 877 3940 ἒς
910 3897 1015 3940 αυτους
1051 3853 1204 3948 Ἀργείους,
1237 3849 1309 3946 ησοι4

767 3955 856 4016 ipanm
870 3953 951 4003 dedet
954 3957 1003 4002 unt
1014 3953 1149 4012 6ο4ιοε4οι,
1163 3951 1308 4010 Matthiae,

768 4021 934 4076 Dietachoe
948 4014 1017 4072 lul'
1002 4035 1100 4086 εχρησε
1111 4027 1137 4072 et
1149 4021 1199 4069 hoo
1210 4019 1269 4067 loco
1281 4023 1308 4066 at

768 4091 848 4156 paulo
862 4095 925 4156 post
940 4091 1055 4156 intelligi
1070 4095 1160 4154 potest
1174 4105 1191 4150 η
1182 4081 1306 4150 Πυθίη

769 4159 909 4237 (utl‚lll.
927 4160 966 4213 40.
983 4155 1307 4220 444.55.411,164)ε4ιε

768 4221 895 4282 etiamad
908 4224 1058 4310 μαντηὶον,
1072 4229 1137 4284 utI
1151 4195 1193 4278 40.

802 4313 864 4348 τοτε
877 4293 1092 4363 μνησθησομαι]
1125 4294 1187 4346 vid.
1202 4297 1249 4354 VI,
1263 4297 1305 4357 77,

769 4369 816 4418 ubi
829 4368 916 4420 altera
930 4367 1033 4419 oraculi
1052 4381 1115 4432 pura
1139 4365 1173 4416 ad
1189 4365 1305 4431 Argivos
