2994 4972
477 357 846 420 TERPSiOHORE.
869 361 906 422 V.
927 372 954 426 9.
1243 361 1281 428 15

136 533 350 621 χρεωμένους
378 536 530 621 Μηδικῇ.
572 528 650 612 τούς
678 533 715 601 δὲ
742 539 867 613 ἵππους
894 531 1008 604 αὐτοῖν
1035 533 1122 604 εἶναι
1149 544 1282 620 λασίους

139 633 232 704 ἅπαν
259 633 295 704 τὸ
317 638 428 724 σῶμα,
458 637 511 704 ἐπὶ
537 637 636 706 πέντε
658 636 843 717 δακτύλους
871 637 907 706 τὸ
928 637 1037 725 βάθος
1061 643 1129 706 τῶν
1149 646 1282 730 τριχῶν,

140 736 301 828 σμικροὺς
316 739 353 808 δὲ
369 741 424 807 καί
439 737 556 827 σιμοὺς
571 740 627 809 καὶ
641 737 830 821 ἀδυνάτους
843 737 968 830 άνδροις
982 745 1115 831 φέρειν·
1143 751 1283 832 ζευγνυ-

139 845 262 932 μένους
277 843 314 912 di
328 838 391 912 ὑπ’
405 839 536 931 ἅρματα
554 843 639 912 εἶναι
653 839 849 932 ὀξυτάτους,
873 840 1133 934 ἁρματηλατέειν
1149 847 1185 915 δὲ
1199 847 1282 932 πρὸς
1384 851 1395 870 ‘

138 951 244 1016 ταῦτα
259 943 336 1026 τούς
351 949 557 1035 ἐπιχωρίους.
584 946 742 1036 κατήκειν
757 949 793 1017 δὲ
808 947 936 1018 τούτων
949 949 1026 1030 τούς
1040 946 1162 1038 οὔρους
1176 947 1281 1040 άγχοῦ

79 1113 84 1120 .
136 1046 280 1120 Ἐνετῶν
301 1053 369 1118 suiv
390 1053 428 1118 ἐν
447 1055 495 1142 τῷ
514 1048 635 1140 Ἀδρίῃ.
674 1049 759 1120 εἶναι
783 1052 820 1120 δὲ
841 1051 974 1142 Μήδων
999 1056 1102 1142 σφέας
1121 1050 1280 1135 ἀποίκους

138 1215 342 1267 Commemorat
358 1220 465 1281 gentem
482 1231 589 1282 quoqne
607 1215 689 1282 Apol·
738 1217 905 1283 berg.1803)
924 1219 1279 1285 pog.19-25,siohwslu:

136 1286 230 1337 ionius
241 1285 364 1336 Rhodius
378 1285 394 1334 1.
409 1285 427 1334 l.
439 1301 494 1336 uua
507 1302 567 1338 cum
579 1287 687 1351 Scythis
737 1287 799 1338 Alte
811 1288 982 1354 Geogrsphie
996 1291 1022 1344 d.
1035 1290 1202 1356 Cespischen
1211 1293 1281 1341 Mes-

139 1355 345 1409 ethracibus.
383 1357 508 1406 Errorem
523 1357 686 1416 ZosimiIV,
737 1373 780 1406 res
793 1374 854 1424 pag.
869 1360 936 1422 254,
959 1360 1058 1411 Vivieu
1072 1361 1104 1410 de
1119 1359 1281 1411 Scins-ssor-

137 1427 188 1488 20,
201 1426 235 1476 de
246 1421 323 1492 e'quis
337 1441 406 1491 quae
422 1426 516 1476 retulit
529 1427 638 1489 Noster,
650 1426 685 1475 sd
736 1427 778 1476 tiu
790 1428 917 1492 (Journal
927 1428 974 1479 des
985 1431 1110 1496 voyages
1124 1429 1198 1480 1847.
1211 1431 1281 1480 Juit-

138 1495 263 1546 bomiues
290 1495 481 1546 transferentis
504 1495 620 1562 indeque
643 1495 685 1546 si·
736 1495 911 1564 resperget),
928 1498 1280 1564 aiii,qui0ingar0shosce

138 1579 246 1632 gyrum
259 1567 420 1616 Hunnorum
435 1565 538 1616 sbavos
554 1565 684 1616 dictitan-
735 1581 768 1616 ex
786 1569 865 1617 indis
888 1573 1030 1635 repetunt,
1056 1585 1089 1622 ex
1109 1585 1163 1634 qna
1184 1569 1279 1620 eadem

138 1637 176 1686 tis
194 1635 295 1686 dodum
314 1641 444 1686 uoturunt
462 1635 624 1702 Wesseiiug.
646 1639 685 1685 at·

139 1719 192 1770 qne
217 1706 355 1756 Gutterer.
388 1706 561 1771 (Commentt.
587 1705 684 1755 societ.

140 1775 266 1840 (totting.
280 1777 313 1824 T.
322 1775 394 1826 xlv.
407 1776 497 1841 pugi
508 1776 605 1841 seqq).
618 1776 684 1824 Lur-

138 1843 248 1896 chernm
272 1846 296 1893 si
317 1859 474 1911 sequemur,
503 1843 684 1910 Sigynuorum

138 1931 206 1980 gens
218 1929 235 1964 a
246 1915 433 1980 septentrione
445 1915 541 1964 habuit
552 1915 684 1980 Carpetes

138 1989 261 2042 montes,
285 2001 302 2035 a
320 1985 433 2034 meridie
454 1985 626 2050 Danubium,
649 1985 684 2034 sd

139 2069 219 2120 quem
230 2069 316 2120 usqne
331 2055 423 2105 Veneti
436 2053 480 2120 (de
494 2055 593 2120 quibus
607 2055 680 2107 coni.

139 2125 162 2186 1,
181 2125 257 2188 196),
272 2140 377 2174 omnem
394 2123 456 2174 oiim
469 2125 589 2174 Hadriae
608 2139 683 2174 oram

138 2209 172 2244 ac
182 2199 308 2260 regiones
317 2195 476 2246 ediscentes
485 2199 617 2250 tenentes.
625 2209 685 2259 por·

137 2265 210 2314 recti
228 2270 319 2326 eraut,
340 2265 374 2314 ab
395 2267 499 2316 oriente
516 2264 685 2330 Agathyrsos

139 2334 167 2382 in
187 2334 387 2399 Transylrsnis
406 2341 499 2385 nostra
518 2335 684 2384 babitsutcs.

138 2402 240 2454 Pinnos
250 2405 410 2470 Hungarise
422 2419 532 2469 campos
542 2403 612 2454 bane
622 2419 686 2469 gen·

137 2477 193 2524 tem
219 2475 407 2538 nomadicam,
433 2481 465 2524 ut
490 2473 611 2537 videtur,
644 2484 684 2523 te·

138 2544 232 2594 unisse
255 2547 355 2594 statuit
377 2559 484 2610 quoque
501 2545 600 2594 Zeuss:
630 2543 684 2594 Die

137 2613 267 2664 German.
276 2631 304 2664 u.
313 2613 610 2679 ihreNscbburst.psg.
621 2613 681 2663 279.

137 2685 233 2749 Neque
247 2699 313 2734 sune
326 2683 474 2750 quidquam
487 2683 614 2750 impedit,
629 2698 683 2747 quo

137 2755 226 2803 minus
256 2753 327 2804 hauc
353 2759 462 2819 gentem
492 2769 506 2804 e
537 2753 682 2818 primitivis

137 2823 221 2874 Asiae
246 2823 357 2873 sedibus
373 2823 478 2888 putssm
498 2823 526 2872 in
539 2823 609 2873 hauc
626 2821 683 2888 pia-

137 2893 233 2942 nitiem
246 2893 416 2958 immigrasse
427 2894 518 2958 ibique
528 2892 682 2944 consedisse

137 2963 282 3013 credamus
302 2979 450 3030 verumque
466 2978 525 3013 esse
544 2965 683 3012 existime-

137 3047 210 3096 mus,
241 3033 314 3098 quod
341 3033 395 3098 ipsi
416 3033 534 3098 Sigynui
556 3048 572 3082 u
595 3031 685 3082 Medis

136 3103 276 3168 proiectos
295 3118 324 3152 se
338 3102 492 3168 perhibent;
512 3102 583 3152 coni.
602 3103 684 3152 etiam

135 3173 217 3238 piurs
246 3173 430 3238 proterentem
453 3171 632 3223 Dieienbaeh.
656 3171 684 3220 in

136 3242 251 3294 Celtico.
267 3242 303 3292 11.
318 3257 380 3308 pag.
394 3243 428 3294 30
440 3259 509 3307 seq,
527 3243 573 3308 qui
587 3243 683 3308 Sigyrt·

135 3327 185 3364 nos
207 3312 253 3361 rel
277 3311 313 3361 sd
330 3313 432 3378 Ligyes
450 3313 614 3378 pertinuisse
640 3309 684 3362 vei

134 3383 191 3434 uns
205 3383 267 3432 cum
281 3381 322 3432 his
336 3397 368 3433 ex
382 3384 448 3432 Asia
460 3383 619 3433 discessisse
634 3397 683 3446 pu·

136 3457 187 3502 tat.
222 3451 291 3502 Inde
309 3451 430 3501 Celticae
455 3453 548 3518 stirpis
574 3459 683 3516 gentem

133 3523 222 3574 inisse
238 3522 395 3586 suspicatur
407 3521 531 3572 Lnekcn:
551 3523 604 3574 Die
618 3523 683 3572 Ein-

135 3593 194 3642 beit
211 3591 260 3642 des
277 3591 526 3656 Menscbeugcscbi.
542 3607 605 3658 pag.
623 3591 682 3643 134.

134 3661 210 3713 Nihil
229 3662 298 3712 certi
315 3661 474 3725 pronuntiat
490 3661 572 3711 Habn
587 3661 682 3725 (Aiba-

134 3748 193 3784 nes.
207 3731 323 3782 Studien
334 3747 397 3796 pug.
408 3729 481 3794 264),
494 3731 629 3797 Sigynnos
641 3745 683 3780 ru-

135 3807 182 3852 tua
202 3817 220 3851 s
239 3801 393 3866 primsriis,
415 3802 513 3866 quibus
535 3802 684 3851 utebantur

136 3873 234 3928 armis,
259 3886 357 3921 nomen
379 3871 518 3935 recepisse
538 3887 624 3936 aeque
643 3876 683 3920 st·

136 3958 190 4007 que
212 3939 342 4002 Curetes,
369 3941 507 4002 Quirites,
536 3941 684 4000 Samnites,

135 4011 266 4062 Sabinos.
305 4011 346 4060 sd
363 4009 496 4060 Medicam
514 4011 626 4075 stirpem
645 4011 685 4060 Si-

137 4082 223 4148 gynni
242 4080 338 4130 reterri
358 4095 438 4144 posse
453 4080 580 4132 videntur
598 4081 687 4146 Κουμ-

109 4199 112 4208 ,
137 4153 220 4215 penio
233 4151 275 4200 in:
295 4150 384 4202 Wien.
393 4150 507 4202 Jahrbb.
520 4151 579 4200 XX.
589 4165 615 4214 p.
624 4148 684 4203 3²8.

137 4220 194 4270 Atii
210 4219 329 4284 denique
343 4219 479 4284 Sigynnos
498 4235 546 4284 pro
566 4221 687 4281 Cinporo·

736 1642 809 1686 terra
832 1637 969 1702 Sigynnos
992 1641 1078 1705 repeti
1099 1635 1159 1689 vult
1174 1640 1278 1689 Ritter:

735 1706 883 1757 Erdkunde
895 1709 931 1757 ΙΙ.
944 1723 1008 1774 pag.
1024 1709 1085 1760 uuo.
1121 1711 1207 1771 Quam
1222 1711 1279 1774 opi-

736 1777 843 1827 nionem
869 1779 951 1827 certis
975 1779 1142 1845 argumentis
1163 1779 1278 1830 destitu-

734 1851 790 1896 tam
809 1861 868 1898 esse
891 1849 960 1897 sutis
979 1864 1012 1899 ex
1036 1851 1071 1900 iis
1092 1849 1278 1914 cognoscitur,

735 1931 805 1982 quse
819 1917 851 1967 de
864 1917 1041 1984 Cingetorum
1054 1921 1157 1984 origine
1171 1918 1279 1968 subtili·

734 1991 778 2036 ter
792 1986 920 2037 disseruit
933 1989 1011 2038 Pott:
1033 1989 1087 2039 Die
1099 1989 1232 2053 Zigeuner
1249 1989 1278 2037 iu

735 2057 845 2121 Europa
857 2073 883 2109 u.
895 2057 978 2116 Asien
991 2058 1013 2108 1.
1025 2075 1051 2124 p.
1063 2061 1096 2109 55
1110 2073 1186 2124 seqq.
1200 2073 1277 2123 prae·

735 2127 814 2190 cipue
835 2141 899 2191 pag.
921 2127 954 2176 59
970 2143 1026 2193 seq.
1045 2129 1107 2178 coil.
1128 2129 1276 2193 Ozoernig:

735 2194 940 2259 Ethuograpbie
965 2197 1013 2245 der
1036 2197 1193 2247 beterreicb.
1219 2200 1278 2248 bio-

736 2263 885 2314 nesciuit.
906 2279 968 2329 pag.
986 2267 1044 2317 12²2.
1080 2268 1173 2317 Missis
1192 2267 1277 2332 igitur

736 2333 871 2396 cingaris,
883 2348 997 2397 quornm
1007 2335 1082 2384 nulia
1093 2341 1165 2386 certe
1177 2338 1277 2386 mentio

736 2405 764 2452 in
777 2402 911 2451 Herodoti
929 2402 1019 2466 libris,
1042 2409 1165 2467 praestet
1185 2407 1277 2470 utiquc

735 2473 763 2522 iu
776 2487 809 2523 ca
823 2473 961 2522 sententia
970 2474 1158 2536 acquiescere,
1173 2489 1226 2537 qus
1237 2475 1278 2522 Si-

734 2542 832 2608 gynni,
846 2557 912 2606 gens
923 2541 1082 2601 nomadics,
1094 2557 1127 2592 ex
1136 2541 1217 2592 Asiae
1227 2557 1280 2592 me-

734 2613 796 2661 diac
810 2611 966 2676 regionibus
979 2611 1042 2660 oiim
1056 2611 1186 2676 proiecti,
1206 2618 1280 2676 post-

733 2683 784 2732 bnc
796 2683 823 2730 in
831 2683 988 2748 Hungariae
998 2681 1114 2746 planitie
1123 2683 1280 2732 consedisse

734 2757 874 2818 putentur.
913 2751 991 2814 Quod
1013 2752 1046 2802 ds
1066 2755 1158 2817 equis,
1180 2752 1278 2817 quibus

733 2823 847 2887 eigynni
858 2826 987 2885 utuntur,
1004 2821 1110 2873 vitiosis
1128 2837 1160 2871 ao
1175 2823 1277 2888 parvis,

734 2894 830 2943 scribit
840 2892 1010 2956 Herodotus,
1026 2892 1098 2942 baud
1108 2892 1226 2942 alienum
1238 2895 1278 2941 vi-

734 2963 827 3012 detur:
845 2963 868 3011 si
882 2963 989 3027 quidem
1004 2961 1093 3012 adhuc
1107 2963 1135 3011 in
1147 2963 1189 3012 his
1202 2963 1279 3012 Hun-

732 3033 827 3097 gsriue
847 3034 1003 3097 regionibus
1024 3032 1086 3096 equi
1107 3047 1208 3097 parvae
1222 3039 1277 3082 sta-

734 3109 812 3153 turae
822 3101 977 3168 plerumque
990 3103 1171 3167 reperiuntur,
1185 3101 1279 3168 qnsies

735 3173 817 3223 etiarn
829 3175 856 3221 in
868 3173 948 3223 terris
958 3173 1055 3222 ricinis
1066 3171 1203 3236 Polouiae,
1216 3170 1279 3222 Vot-

734 3241 833 3305 lsyuine
850 3246 877 3292 et
894 3242 1011 3292 Russiae
1028 3241 1214 3292 meridionalis
1232 3241 1279 3292 ad·

734 3311 860 3361 hibentur
875 3311 911 3360 ad
926 3312 1020 3361 varios
1032 3311 1108 3362 vitae
1124 3327 1206 3362 usus:
1230 3327 1278 3361 ne·

733 3395 785 3447 qne
799 3380 922 3446 proiecto
942 3395 1010 3446 opus
1028 3382 1080 3430 erit
1101 3383 1225 3447 cogitare
1245 3381 1279 3430 de

734 3453 811 3516 equis
830 3451 919 3501 brevis
940 3455 1075 3510 staturae,
1101 3467 1169 3516 quos
1187 3452 1280 3501 Pontes

733 3525 834 3572 vocent
852 3521 1001 3587 quibusque
1024 3537 1071 3585 per
1089 3521 1215 3572 Sueciam
1238 3521 1280 3570 uti

734 3591 862 3640 dicuntur
875 3607 891 3639 a
905 3591 1060 3642 Wbecleror
1074 3591 1238 3656 Gsograpby
1250 3591 1281 3640 oi

734 3660 864 3710 Herodot.
886 3675 948 3726 psg.
969 3661 1026 3712 179.
1046 3691 1081 3701 -
1106 3663 1138 3710 ln
1159 3662 1279 3727 proxime

735 3747 810 3796 seqq.
833 3719 928 3778 αὐτῶν
954 3729 1017 3780 dedi
1044 3745 1092 3796 pro
1116 3724 1224 3780 αὐτέων
1252 3736 1279 3780 ct

735 3802 817 3866 paulo
846 3801 917 3850 iuirs
939 3792 1049 3849 τούτων
1072 3817 1120 3865 pro
1146 3793 1278 3849 τουτέων.

735 3871 788 3921 Pro
803 3869 875 3936 vnig.
886 3862 1006 3934 μικροὺς
1017 3871 1116 3936 scripsi
1129 3861 1277 3934 σμικροδς;

735 3941 771 3990 ci.
785 3941 899 3990 Bredov.
914 3955 939 4005 p.
955 3941 1011 3991 121.
1027 3941 1084 3992 122.
1098 3932 1197 4002 σιμοὺς
1210 3935 1280 3983 dixit

736 4013 848 4072 Noster,
867 4025 934 4076 qnos
945 4010 1038 4060 eudem
1049 4023 1116 4060 voce
1126 4007 1226 4057 Latine
1240 4005 1280 4054 sic

737 4095 845 4145 qnoque
854 4081 996 4146 designare
1007 4079 1138 4136 solemus,
1150 4076 1196 4140 qni
1206 4089 1281 4138 pres·

738 4152 776 4200 sis
793 4155 907 4200 utuntur
928 4149 1053 4206 naribus;
1073 4146 1126 4196 vid.
1146 4145 1278 4195 'l'hesaun

738 4219 816 4284 Ling.
825 4219 921 4270 (irasc.
929 4219 992 4269 Vli.
1007 4233 1033 4280 p.
1043 4217 1093 4266 257
1104 4215 1279 4267 ed.Diudorf.

136 4307 204 4352 rum,
220 4291 268 4356 qui
277 4290 415 4352 dicuutur,
431 4289 581 4340 maioribus
593 4287 688 4339 haberi
736 4289 777 4339 Ad
792 4290 876 4340 verbs
891 4279 921 4336 iv
932 4285 971 4346 roi
979 4281 1071 4351 Ἀδρίῃ
1081 4285 1153 4337 οοοί.
1163 4291 1233 4338 nott.
1245 4288 1280 4338 ad

137 4361 252 4412 volunt:
266 4359 321 4410 rid.
329 4359 503 4424 potissimum
513 4361 534 4409 1.
544 4359 686 4410 G.Hssse:

137 4431 274 4498 Zigeuuer
292 4431 330 4480 im
341 4429 471 4480 Herodot.
489 4435 542 4481 etc.
557 4429 686 4496 (Kbuigs

737 4359 759 4442 13
778 4357 832 4444 ο1153Ι
841 4365 868 4408 et
879 4359 927 4440 IV,
942 4356 985 4408 33.
1022 4355 1063 4440 dd
1076 4375 1154 4410 usum
1165 4373 1280 4474 praepo-

737 4435 848 4480 srtronrs
858 4420 904 4478 ἐπί
916 4444 943 4478 ιο
957 4427 1061 4480 serbis:
1079 4423 1217 4479 intrusere
