2958 5010
228 348 290 410 746
661 343 929 417 HERODOTI

229 551 309 597 σατο
324 529 436 618 Φρίξῳ
451 525 573 614 μόρον,
593 524 658 595 οὐν
673 525 753 597 Ἰνοῑ
772 527 976 615 βουλεύσας·
1011 531 1188 618 μετέπειτα
1208 531 1248 599 δὲ
1272 526 1323 610 ὥς
1341 533 1392 600 ἐπ

229 639 439 714 θεοπροπίου
458 628 580 717 Ἀχαιοὶ
602 643 790 716 προτιθεῖσι
814 649 897 702 τοῖσι
912 636 1045 702 ἐκείνου
1066 630 1268 720 ἀπογόνοισι
1285 633 1380 704 ἀέθ-

229 743 309 814 λους
322 735 485 802 τοιούσδε.
512 729 548 812 ὃς
562 728 605 803 ἂν
618 729 639 825 ᾖ
653 741 714 803 τοὺ
729 741 842 822 γένεος
856 739 977 805 τούτου
991 737 1236 824 πρεσβύτατος,
1258 739 1381 830 τούτῳ

230 839 441 922 ἐπιτάξαντες
456 845 616 925 ἔργεσθαι
631 844 692 908 τοῦ
704 847 930 930 πρυτανρΐου,
952 837 1046 910 αὐτοὶ
1062 839 1218 929 φυλακὰς
1234 847 1380 929 ἔχουσι·

228 1085 321 1135 loonio
334 1083 491 1144 inermum,
508 1097 555 1134 eas
567 1082 619 1134 huc
633 1085 769 1148 pertinere

228 1159 297 1204 eatis
310 1161 429 1206 constat.
452 1157 492 1204 Ac
506 1160 601 1217 postea
614 1155 642 1204 iu
657 1154 769 1205 eandem

227 1240 282 1274 reru
311 1225 511 1288 inquisiverunt
537 1223 608 1272 Buur
637 1223 767 1289 (Tuuiag.

227 1295 389 1344 zeitschrift
402 1294 420 1344 f.
435 1291 567 1356 Theohig.
583 1293 658 1343 18:⁸2.
671 1295 691 1343 l.
705 1309 768 1358 pag.

227 1363 284 1424 ttl),
298 1365 454 1413 Baenrntein
466 1363 636 1418 tZsrtschriit
648 1363 665 1413 i.
680 1364 768 1413 diter·

228 1433 392 1481 thumswise.
415 1433 486 1484 18111.
501 1447 541 1480 nr.
558 1433 606 1483 148
619 1430 699 1496 seq),
714 1433 767 1482 Lon

227 1502 305 1552 sarria
321 1500 488 1567 (ciossrsehe
501 1501 578 1552 Stud.
592 1501 638 1551 des
649 1501 764 1552 Altcrth.

226 1587 289 1636 purg.
308 1575 357 1620 unu
378 1571 462 1634 req),
482 1571 589 1620 Emeriu
602 1571 693 1619 David
712 1572 767 1634 (ln-

227 1641 519 1704 puerlipoooseqt,
533 1639 763 1690 PreilereGriecb.

226 1709 375 1773 Mythoiog.
393 1709 430 1757 11.
449 1725 475 1773 p.
488 1709 539 1758 ruti
550 1725 606 1772 seq.
625 1708 686 1758 coli.
698 1708 765 1759 Ger-

225 1779 301 1828 hnrd.
316 1776 423 1829 Grieeh.
436 1777 587 1843 Mythoiog.
603 1781 626 1841 §-
638 1778 722 1839 19ἳ,4
737 1783 763 1828 ε1

226 1852 249 1912 fi.
266 1849 327 1910 tra,
339 1848 371 1909 8,
386 1847 453 1912 alii,
473 1863 540 1912 quos
559 1863 651 1898 omnes
667 1847 711 1896 hic
724 1849 764 1898 ai-

225 1919 295 1968 t'erre
306 1919 353 1968 uix
366 1918 441 1972 licet.
463 1919 485 1967 N
490 1933 529 1980 os,
548 1933 618 1983 quae
631 1917 664 1966 ad
678 1918 762 1967 Hero·

225 1988 282 2039 doti
296 1989 377 2038 verbu
390 1987 553 2037 illustranda
563 1988 710 2052 pertinent,
720 1988 765 2038 ad·

224 2059 381 2109 notabimus
391 2071 491 2121 pauca:
507 2071 575 2122 quas
588 2058 658 2107 euim
666 2057 765 2108 Noster

224 2128 251 2181 b.
265 2129 283 2178 1.
301 2127 413 2193 proiert,
428 2131 569 2177 continent
586 2127 704 2192 vestigia
721 2141 764 2177 aa·

225 2213 330 2250 crorum
358 2197 550 2260 humanorum,
575 2211 645 2262 quae
670 2211 762 2261 proce·

225 2267 305 2316 deute
322 2271 443 2331 tempore
459 2267 587 2330 mitigata
601 2281 633 2316 ac
649 2265 763 2332 denique

224 2335 357 2400 abrogata
370 2336 513 2400 ridentur,
530 2335 592 2385 aiiie
610 2336 697 2385 sacris
717 2351 760 2386 oo·

223 2421 281 2456 rum
293 2405 417 2455 inlocum
431 2406 577 2456 institutis.
607 2405 685 2456 Haec
698 2415 762 2456 vero

222 2476 284 2540 ipsa
297 2489 375 2525 sacru
387 2474 508 2525 humnna
531 2480 655 2540 spectare
671 2475 762 2526 viden-

222 2551 267 2595 tur
278 2545 313 2595 ad
326 2547 425 2594 crimen
443 2545 632 2610 gravissimum
647 2545 673 2594 in
687 2547 764 2610 regia

222 2615 301 2664 domo
312 2614 373 2664 oiim
383 2615 762 2679 commissumindequegravi

221 2684 682 2817 tti‘ithttffittthtitt
700 2685 763 2802 di·

222 2827 316 2884 Inone,
332 2823 419 2872 altera
432 2836 524 2883 uxore,
539 2821 649 2871 caedem
660 2822 761 2871 machi-

220 2899 302 2942 natus
319 2892 427 2955 Phryxo
448 2889 503 2939 tilio
523 2905 538 2939 e
559 2892 647 2954 priore
676 2907 760 2942 uxore

220 2960 411 3024 suecopt0,sed
421 2959 655 3010 felicitereervato
669 2975 684 3009 a
697 2977 758 3010 coe·

219 3033 252 3082 de
270 3035 296 3079 et
316 3031 344 3078 in
360 3030 443 3079 deam
460 3029 566 3091 delato,
581 3028 633 3079 hoc
650 3029 758 3081 facinus

217 3115 278 3152 oum
294 3103 380 3148 morte
399 3097 472 3150 luere
489 3097 612 3159 deberet,
634 3105 759 3151 servatur

217 3169 325 3235 quidem
341 3175 368 3219 et
381 3167 453 3232 ipse,
469 3169 565 3220 nuntio
585 3168 757 3232 adveniente,

218 3241 265 3306 qui
276 3237 412 3303 Phryxum
426 3237 530 3289 salvum
543 3254 602 3291 esse
614 3244 697 3304 atque
711 3239 757 3290 ad·

216 3309 269 3359 huc
287 3309 461 3372 superstitem
481 3307 616 3362 declarat:
635 3309 682 3359 scd
699 3310 756 3376 pia-

217 3378 305 3430 culum
320 3393 404 3443 grave
416 3377 536 3430 inhaesit
551 3381 642 3443 regiae
654 3379 755 3442 domui,

215 3447 258 3500 vei
272 3447 571 3512 posterisAtbamantis
582 3449 710 3500 luendum
723 3465 756 3499 ea

216 3518 334 3580 exlege,
356 3535 389 3569 ex
406 3533 459 3581 qua
479 3525 620 3583 parentum
641 3524 757 3582 peccata

213 3588 262 3638 filii
277 3587 351 3638 luere
371 3587 471 3638 debent
491 3587 539 3652 (ci.
558 3588 611 3648 VJ,
629 3589 671 3638 811.
691 3589 754 3651 Vll,

216 3657 265 3708 134
275 3657 368 3722 ibique
379 3657 472 3720 nott).
492 3659 553 3708 Hoc
565 3658 650 3722 igitur
661 3659 755 3723 piacu-

213 3725 268 3777 lum
282 3725 417 3791 quomodo
430 3724 556 3776 luendum
570 3732 658 3786 esset,
676 3727 754 3778 deum

213 3797 350 3849 sciscitati
368 3796 516 3846 instituunt
530 3787 652 3854 α’έθλους
665 3802 756 3862 poste-

215 3867 252 3917 ris
271 3867 360 3930 gentis
379 3865 471 3929 regiae
491 3864 542 3916 hoc
563 3867 623 3930 ipso
646 3867 754 3930 piaculo

215 3937 354 3988 obstrictis
370 3937 529 4000 impositos:
553 3936 691 4000 inquibus
704 3937 754 3987 hoc

216 4009 309 4072 utique
322 4006 452 4066 advertit,
468 4006 538 4070 quod
552 4009 682 4055 monimum
693 4015 756 4056 nuto

215 4077 306 4128 offerri
321 4077 453 4138 ridemus,
468 4075 513 4139 qui
526 4075 662 4140 piaculum
678 4077 705 4126 in
725 4091 753 4125 se

214 4147 331 4212 suscipit
362 4149 506 4210 morteque
530 4143 631 4194 solvit:
666 4161 754 4211 neque

213 4231 277 4266 vero
290 4233 375 4282 usque
388 4229 495 4280 quaque
508 4217 618 4263 mortem
637 4214 702 4265 huic
719 4217 754 4265 ir·

212 4288 313 4348 rogari,
335 4285 383 4336 sed
397 4290 454 4334 tum
470 4284 590 4346 demum,
604 4285 712 4346 quando
726 4285 754 4334 in

212 4355 316 4403 curiam
338 4355 476 4420 ingressus
490 4353 553 4406 inde
566 4353 654 4404 redire
669 4354 753 4415 reiit;

214 4435 301 4486 neque
322 4421 431 4475 dubium
449 4423 536 4476 videri
554 4424 669 4491 poterit,
689 4425 754 4490 quin

819 1086 917 1148 postea
934 1083 962 1133 in
983 1073 1100 1133 hominis
1119 1082 1263 1133 mactandi
1279 1082 1377 1134 locnnr

819 1153 996 1204 substitutum
1010 1154 1092 1204 suerit
1105 1152 1272 1204 sacrificium
1284 1155 1380 1218 quod·

819 1224 890 1284 dam,
901 1238 954 1288 quo
966 1223 1012 1288 qui
1024 1222 1133 1286 piaculo
1146 1222 1198 1273 hoc
1211 1222 1377 1274 obstrictus

818 1293 974 1358 putubatur,
990 1294 1121 1342 maximus
1133 1297 1224 1342 natue
1239 1299 1330 1356 gente
1344 1309 1377 1342 ae

817 1361 944 1413 solveret.
969 1363 1028 1412 Hoc
1041 1377 1104 1412 vero
1119 1363 1290 1412 sacrificium
1308 1363 1376 1413 lovi

817 1432 968 1498 Laphystio
988 1430 1107 1480 oblatum
1130 1447 1190 1482 ease
1212 1431 1290 1480 haud
1320 1435 1375 1482 mi-

817 1517 890 1551 rum:
911 1501 954 1550 hic
973 1502 1043 1551 enim
1064 1501 1130 1550 dens
1149 1501 1223 1550 nitor
1239 1503 1375 1551 criminis

817 1571 881 1621 oliro
902 1572 1040 1621 commissi
1060 1570 1213 1636 placandus
1235 1579 1301 1620 erat
1325 1587 1375 1620 aa·

816 1642 884 1701 cris,
917 1640 1015 1706 quibus
1040 1642 1176 1705 propitius
1201 1641 1374 1692 redderetur

815 1711 891 1774 genti
902 1715 1091 1774 everteretque
1099 1711 1189 1760 omnia
1200 1709 1372 1776 maraque

815 1779 883 1829 iliud
898 1779 1000 1830 crimen
1014 1791 1200 1845 sequerentur.

849 1842 1045 1926 ἐμηχανήσατο
1066 1845 1160 1916 Φρίξῳ
1179 1842 1292 1912 μόρον,
1311 1847 1371 1899 σὺν

810 1911 883 1967 Ἰνοῖ
897 1915 1061 1984 βουλευσας]
1078 1920 1096 1968 i.
1110 1934 1133 1969 e.
1151 1917 1315 1968 machinatur
1329 1929 1371 1970 eat

814 1995 915 2038 ruorteru
935 1987 1053 2051 Phryxi,
1077 1991 1186 2040 conciliis
1205 2003 1261 2036 cuae
1283 1989 1370 2039 Inone

815 2058 911 2122 (uxore
929 2056 1030 2114 altera)
1046 2059 1124 2108 initia.
1166 2058 1272 2113 Miror.
1289 2060 1369 2123 quod

814 2128 935 2193 Longius
946 2125 1013 2178 haec
1020 2125 1165 2178 vernacule
1173 2128 1213 2177 sic
1224 2127 1368 2178 reddidit:

814 2198 885 2260 „wie
902 2196 1050 2260 Athamas,
1070 2200 1113 2246 ruit
1133 2197 1216 2260 Hdise
1235 2197 1287 2246 der
1308 2197 1369 2260 Iao,

815 2268 862 2318 den
881 2267 1003 2331 Phryxou
1023 2281 1075 2316 tour
1101 2266 1187 2316 Leden
1204 2266 1368 2331 petrrneht.·‘

813 2337 902 2386 Verbo
920 2327 1117 2402 ἐμηχανήσατο
1133 2337 1240 2386 inolitum
1267 2353 1292 2388 s.
1312 2353 1369 2388 aaa·

813 2406 934 2456 chirrutum
958 2421 1014 2456 erse
1034 2407 1144 2455 caedem
1165 2404 1366 2457 Athamantem

814 2491 901 2540 neque
916 2489 982 2524 vero
997 2475 1145 2539 perfecisse
1163 2474 1238 2524 illam
1257 2475 1366 2528 Noster

814 2545 944 2608 declarat,
960 2546 984 2594 si
994 2543 1116 2609 quidem,
1133 2549 1162 2594 ut
1178 2543 1277 2594 sabula
1296 2547 1364 2609 fert,

813 2615 949 2680 Phryxns,
971 2621 1057 2663 matre
1079 2614 1283 2672 intercedente,
1307 2632 1366 2666 ser-

813 2691 893 2734 vatus
912 2686 939 2732 in
960 2683 1043 2734 deoru
1065 2683 1173 2734 delatus
1187 2691 1239 2734 est.
1275 2685 1364 2735 Haud

814 2755 896 2804 oiiter
906 2751 1090 2816 μηχανᾶσθαι
1102 2753 1175 2818 apud
1187 2755 1322 2804 Nostrum
1339 2755 1363 2810 1.

815 2823 873 2874 123.
887 2823 933 2885 VI,
946 2822 989 2872 dh.
1004 2822 1259 2884 88.1tl.v11‚172.
1279 2825 1361 2888 vni,

811 2895 835 2943 ’1.
853 2893 910 2955 tut,
927 2907 982 2957 qua
1000 2893 1094 2943 eadem
1108 2893 1137 2942 vi
1151 2897 1178 2942 et
1196 2892 1361 2959 plerumque

811 2962 843 3012 de
867 2961 960 3023 molis,
987 2977 1055 3028 quac
1081 2963 1141 3027 quis
1168 2962 1359 3024 machinatur,

810 3035 865 3082 iarn
875 3032 1008 3082 Homerus
1022 3031 1134 3082 verbum
1148 3031 1198 3081 hoc
1210 3032 1358 3083 adhibuit:

809 3101 1040 3166 Odyss.1v,8·2·2.
1058 3101 1131 3160 XVI,
1144 3101 1203 3152 134.
1219 3103 1281 3166 XX,
1299 3103 1358 3154 170.

807 3170 902 3234 xvn,
915 3169 975 3221 tou.
990 3170 1031 3220 lli.
1048 3171 1096 3234 xl,
1110 3171 1171 3223 695.
1187 3165 1280 3234 μόρον
1294 3173 1361 3224 No·.

808 3244 865 3290 ster
882 3240 1003 3292 eiusdem
1016 3241 1127 3291 Homeri
1146 3255 1220 3291 more
1238 3241 1358 3306 loquens

808 3315 890 3360 vocat
909 3318 1011 3361 mortem
1023 3325 1045 3364 s.
1064 3311 1178 3370 caedem
1200 3311 1236 3360 ci.
1250 3310 1356 3377 Odyss.

807 3379 856 3442 IX,
867 3381 910 3430 61.
927 3380 975 3442 xl,
985 3380 1044 3432 409.
1057 3380 1130 3441 xvi,
1141 3381 1202 3432 421.
1215 3380 1276 3442 XX,
1291 3383 1355 3444 240,

808 3465 841 3499 nc
854 3447 941 3514 plura.
971 3449 1013 3500 ud
1026 3450 1114 3514 ipsam
1135 3465 1189 3499 rem
1202 3451 1355 3515 pertinent,

809 3533 878 3584 quae
886 3518 1011 3583 leguntur
1024 3519 1096 3584 apud
1104 3517 1260 3586 Apollodor.
1275 3520 1353 3571 Bibi.

823 3626 830 3648 ’
840 3625 987 3735 μἐτὲπειτα
997 3649 1038 3737 δὲ]
1054 3656 1127 3707 Male
1137 3657 1302 3708 Schaeierus
1312 3675 1356 3709 re-

807 3727 980 3788 tinuit'peru
1003 3723 1043 3774 dr.
1068 3755 1101 3764 —
1126 3727 1204 3789 Quod
1228 3730 1355 3791 sequitur

806 3789 977 3856 προτιθέναι
996 3785 1130 3860 ἀέθλους,
1149 3797 1224 3846 vaiet
1237 3799 1352 3854 tubures.

805 3868 943 3916 certamino
962 3865 1082 3916 mulctae
1103 3881 1125 3916 e.
1145 3883 1249 3930 poenoe
1269 3871 1355 3932 quasi

805 3937 865 3988 loco
876 3939 1011 3999 imponere.
1037 3935 1078 3985 Oi.
1090 3936 1113 3998 1,
1126 3938 1185 3987 itti.
1200 3937 1248 4001 lv,
1264 3937 1307 3987 10.
1319 3964 1354 3974 -

806 4007 839 4056 In
858 4022 934 4070 seqq.
954 4009 1017 4070 post
1040 4005 1125 4056 verba
1148 3993 1179 4062 ὃς
1197 3994 1233 4054 iio
1256 4007 1354 4058 Naber

806 4075 986 4139 (hinemoayn.
1002 4075 1055 4125 111.
1074 4091 1100 4140 p.
1113 4073 1177 4139 482)
1191 4076 1274 4126 inseri
1289 4076 1353 4128 uult

804 4141 875 4194 uiri:
898 4159 950 4209 quo
965 4143 1030 4194 mihi
1045 4143 1119 4194 haud
1141 4159 1207 4210 opus
1222 4145 1350 4197 uidetur:

805 4229 866 4264 mox
880 4207 972 4276 τούτῳ
988 4205 1170 4273 ἐπιτάξαντες
1183 4229 1198 4264 e
1212 4213 1352 4278 Florenti-

804 4301 840 4335 no
852 4281 1284 4349 caetoriaquecodd-exhibuimus
1299 4301 1352 4352 pro

803 4353 881 4420 vulg.
894 4345 1008 4416 rodaco,
1023 4351 1273 4418 quaruValclrenar.
1291 4371 1353 4408 mu·

805 4421 996 4487 *winerat
1011 4423 1039 4473 iu
1051 4420 1164 4476 τοῦτον.
