2986 5014
233 382 296 448 802
649 383 955 448 EXCURSUSI

235 579 325 632 neque
341 559 412 612 enim
429 565 503 612 recte
518 559 581 612 mihi
597 561 688 612 lacere
702 560 843 628 ridentur,
860 559 908 628 qui
920 560 990 612 hanc
1003 557 1147 628 phylarum
1161 557 1390 628 descriptionem

235 648 274 699 ita
285 645 491 716 intelligunt*)‚
505 653 536 696 ut
552 645 641 698 Attica
655 651 731 698 terra
746 645 807 696 olim
824 645 851 696 iu
864 651 996 713 quattuor
1009 661 1097 714 pagos
1110 644 1307 698 divisaiuerit
1321 643 1388 696 toti-

236 733 352 802 demque
366 731 456 782 tribus
471 748 494 782 s.
511 725 601 798 φυλὰς
616 729 751 798 habuerit,
768 730 796 781 in
816 729 858 780 bis
873 729 953 799 pagis
974 729 1143 791 habitantes,
1166 737 1215 782 aut
1234 730 1286 796 qui
1304 737 1388 798 quat-

236 823 300 870 tuor
313 817 361 868 has
377 810 468 883 φυλὰς
483 835 498 868 e
514 817 633 868 dirersis
645 815 775 883 gentibus
792 815 879 884 repeti
894 813 1000 878 votum,
1017 831 1087 884 quae
1104 815 1132 867 in
1144 816 1265 868 Atticam
1280 822 1388 866 terrase

143 895 146 902 ¹
237 904 381 970 ingressae
393 901 473 953 sedes
488 901 526 953 ibi
541 901 666 969 ceperint
680 907 707 952 et
719 918 777 952 cum
789 899 928 966 indigenis
940 899 1082 968 postmodo
1098 899 1126 951 in
1143 917 1227 953 unam
1241 899 1389 951 nationem

238 987 392 1040 coaluerint
415 1005 465 1055 per
492 995 624 1056 quattuor
647 984 744 1055 phylas
767 1004 790 1037 s.
812 985 902 1036 tribus
925 985 1055 1036 divisam:
1084 1003 1136 1037 nec
1159 985 1283 1054 denique
1309 992 1388 1036 reete

238 1079 362 1124 statuere
376 1072 439 1124 mihi
454 1071 584 1124 ridentur
602 1071 631 1138 ii,
648 1070 695 1140 qui
711 1069 813 1122 nullum
828 1069 971 1136 dignitatis
987 1069 1131 1122 discrimen
1148 1072 1223 1123 inter
1236 1071 1287 1122 has
1301 1079 1387 1138 quat-

170 1178 171 1182 *
239 1165 303 1210 tuor
329 1156 425 1226 phylas
451 1156 607 1223 exstitisse,
637 1155 684 1207 sed
709 1173 801 1208 omnes
829 1155 954 1206 omnibus
975 1155 1083 1208 iuribus
1107 1156 1135 1208 in
1158 1155 1308 1224 republica
1336 1154 1386 1204 ad-

241 1242 422 1294 ministranda
439 1242 542 1310 pariter
558 1258 702 1294 usnsesse
718 1237 886 1309 potant**),
912 1257 971 1292 cum
996 1257 1123 1310 quaeque
1153 1242 1248 1293 tribus
1270 1238 1386 1291 nobiles

240 1335 268 1380 et
285 1325 415 1396 plebeios,
430 1326 530 1378 divites
547 1332 574 1378 et
592 1342 727 1395 pauperes
743 1323 865 1377 homines
884 1325 1136 1394 comprehenderit:
1156 1343 1229 1396 quae
1252 1325 1349 1376 omnis
1370 1341 1388 1373 a

240 1429 306 1465 vero
323 1409 433 1464 multum
449 1411 546 1462 abesse
566 1411 629 1462 mihi
647 1409 787 1462 videntur.
875 1455 878 1460 .

326 1497 390 1560 lam,
408 1503 439 1547 ut
454 1495 487 1547 ad
502 1495 613 1562 singule
627 1495 749 1548 tribuum
763 1501 895 1564 quattuor
908 1495 1015 1547 nomina
1029 1496 1190 1549 accedamus
1206 1495 1388 1564 explicanda,

242 1582 276 1634 de
298 1581 347 1647 iis,
369 1569 416 1650 qui
434 1585 567 1632 vocantur
581 1577 743 1650 Αἰγικορεῖς,
757 1573 1051 1650 Ἀργαδεῖς,”οπλητες,
1069 1581 1112 1634 vix
1129 1581 1243 1633 multum
1258 1581 1388 1632 dubitari

243 1665 894 1736 potest,conveniuntqueiniisdemexplicandis
910 1664 1033 1734 plerique
1051 1666 1102 1718 riri
1117 1665 1275 1729 domim).
1299 1666 1386 1716 Nam-

243 1767 297 1819 que
315 1747 468 1820 Αἰγικορεΐς
484 1750 544 1804 sire
559 1745 721 1819 Alpsuo'perr,
739 1750 813 1820 quod
827 1751 950 1819 praefert
965 1751 1136 1816 Buccillus,
1160 1752 1210 1819 qui
1234 1759 1388 1806 vocantur.

243 1837 407 1906 pastoritiae:
429 1836 511 1887 vitam
533 1835 645 1904 degisse
668 1835 782 1904 putandi
799 1841 879 1902 sunt,
901 1836 928 1887 in
944 1836 1076 1903 gregibus
1091 1851 1236 1904 caprarum
1251 1841 1386 1905 (quarum

245 1921 380 1974 maximam
396 1921 500 1990 copiam
518 1920 586 1972 aluit
610 1921 699 1972 Attica
714 1924 799 1988 terra)
816 1919 858 1972 vel
875 1921 954 1974 etiam
976 1921 1065 1973 ovium
1087 1920 1237 1990 pascendis
1256 1920 1382 1988 occupati

246 2011 294 2058 aut
312 2024 491 2074 possessores
515 2006 676 2073 exiguarum
695 2005 841 2057 fundorum
865 2005 968 2073 iuuisse,
988 2007 1035 2075 qui
1058 2023 1161 2074 pascua
1184 2007 1283 2075 potius
1305 2019 1382 2074 qnam

247 2109 329 2160 agros
354 2091 485 2143 colendos
509 2092 659 2160 praebent,
686 2092 778 2144 Hirteu
806 2090 863 2142 und
889 2093 974 2144 hicine
995 2093 1215 2156 Grundbeaitcer,
1237 2095 1270 2142 nt
1295 2087 1384 2142 reddit

247 2176 414 2247 Kortrim†),
438 2176 608 2229 assentiente
631 2175 743 2227 Haasio.
788 2175 845 2238 Qui
856 2169 1131 2243 dicuntur’Aapauaza
1145 2169 1325 2244 (Horridus)
1344 2173 1388 2224 rel

241 2237 390 2329 Ἔργαὸεἰς,
407 2260 480 2330 quod
497 2261 530 2312 ad
550 2277 632 2314 tantun
650 2260 775 2328 idemque
790 2259 863 2312 redit
877 2261 943 2328 ἢ),
966 2261 1000 2312 ab
1021 2263 1126 2331 opificiis
1148 2279 1246 2313 nomen
1263 2261 1390 2312 traxisse

249 2346 392 2398 videnturr
420 2345 467 2414 qui
492 2351 567 2398 artes
592 2343 747 2397 sellularias
773 2351 894 2396 tractant
920 2352 968 2396 aut
992 2347 1185 2399 mercenariam
1214 2363 1332 2415 operam
1362 2345 1390 2396 in

247 2430 454 2500 locupletiorum
473 2431 607 2482 hominum
622 2431 717 2482 lundis
731 2437 883 2497 praestant,
902 2432 1107 2497 Gewerbslcute,
1126 2439 1156 2483 ut
1181 2431 1392 2500 interpretatur

249 2515 364 2568 Kortiim
371 2515 452 2586 ΗΑΓ),
468 2517 656 2580 Handwerlrer,
665 2521 696 2566 ut
704 2514 781 2567 reddi
790 2513 885 2568 volunt
893 2514 925 2566 C.
935 2515 969 2567 0.
978 2515 1096 2568 Mueller
1104 2513 1153 2583 Ἴ)
1161 2516 1292 2568 etHaase
1302 2515 1390 2580 *Hk

249 2601 445 2654 llnadnrbeiter
462 2601 551 2653 reddit
567 2599 599 2651 C.
616 2601 664 2652 Fr.
679 2600 834 2666 Hermann3
851 2599 938 2651 adhuc
953 2601 1025 2670 apud
1049 2601 1181 2653 Albaniae
1202 2609 1306 2668 gentes
1330 2617 1389 2654 eos.

250 2685 342 2754 quiin
368 2685 443 2753 agris
463 2685 587 2738 mercede
598 2685 737 2752 conducti
759 2703 829 2753 opus
851 2685 965 2749 iaciunt,
990 2687 1082 2737 vocari
1097 2680 1206 2754 ἆργᾰτὶ,
1226 2687 1245 2737 i.
1263 2703 1289 2737 e.
1317 2685 1390 2744 seld-

252 2773 401 2824 nrheitende
426 2771 595 2841 Toglrihner,
617 2777 708 2822 monet
731 2788 756 2820 r.
779 2769 859 2822 Hahu
885 2769 1056 2839 (Albaniseh.
1077 2771 1193 2822 Studien
1216 2788 1281 2839 pag.
1307 2771 1387 2834 1³0);

250 2855 339 2908 minus
355 2861 427 2907 recte
443 2855 519 2923 ipsos
536 2847 765 2921 agricolas*†††)
781 2854 840 2906 sive
852 2871 979 2922 agrorum
994 2861 1022 2906 et
1040 2857 1188 2908 londorum
1202 2856 1328 2906 dominos
1343 2852 1385 2902 sic

251 2940 343 2992 vocari
357 2939 480 3007 equidem
496 2939 617 3004 credam;
638 2938 687 3006 qui
703 2938 729 2990 iu
746 2939 926 3008 inscriptione
943 2957 1030 3008 nuper
1046 2947 1154 3010 reperta
1162 2935 1213 3006 Ρ)
1229 2953 1386 2992 commemo·

252 3031 330 3076 ratur
344 3025 439 3092 δῆμος,
457 3017 720 3091 ηοιιιίηοἘργαδεῐς,
737 3025 788 3076 huc
803 3025 900 3078 referri
917 3025 1028 3095 nequit:
1042 3025 1069 3077 in
1086 3027 1148 3094 ipsa
1163 3032 1253 3077 tamen
1268 3023 1389 3078 Paralia.

251 3109 278 3160 in
296 3125 349 3177 qua
359 3101 493 3176 Ἀργαδεῖς
508 3108 654 3178 praecipue
667 3108 807 3162 habitasse
823 3109 883 3162 vult
892 3110 993 3176 Haase,
1012 3110 1084 3162 btruc
1098 3111 1187 3179 δῆμον
1199 3108 1389 3181 quaerendam

323 3425 350 3493 *)
366 3429 430 3479 vid.
444 3432 553 3494 praeter
573 3429 640 3480 alios
654 3431 792 3494 Kntorga:
817 3429 898 3480 Essai
913 3446 960 3481 sur
973 3429 1181 3496 l‘organisation
1204 3429 1237 3480 de
1259 3429 1286 3480 la
1303 3431 1387 3480 Tribu

255 3514 281 3562 p.
295 3499 336 3548 71.
351 3514 425 3565 seqq.
434 3505 462 3550 et
472 3499 574 3552 confer.
585 3499 751 3551 Hermaeum:
765 3498 872 3550 Grieeh.
884 3499 1087 3550 Stantealterth.
1104 3504 1119 3562 ξ
1138 3501 1171 3550 ill
1185 3507 1241 3550 not.
1257 3504 1282 3552 4.

324 3583 368 3648 **)
384 3586 461 3635 Conf.
475 3585 665 3635 ll'aehsmuth:
680 3584 784 3635 Hellen.
798 3583 993 3639 Alterthumsk.
1011 3587 1032 3636 1.
1049 3603 1075 3650 p.
1090 3587 1150 3638 351⁴.
1165 3585 1207 3637 ed.
1223 3602 1276 3636 sec,

325 3653 386 3720 ***)
403 3655 464 3704 viu.
479 3656 563 3704 Meier
576 3657 617 3704 De
632 3655 752 3720 gentilit.
768 3671 831 3718 pag.
846 3657 861 3705 5
876 3671 943 3721 seq„
956 3655 1069 3706 Mueller
1081 3655 1100 3706 l.
1110 3655 1128 3705 l.
1144 3671 1208 3720 pag.
1221 3657 1265 3708 80.
1280 3659 1388 3719 etqnso

256 3723 405 3774 afferuntur
420 3725 454 3774 ab
469 3724 498 3776 C.
512 3727 558 3778 Fr.
572 3727 726 3776 Hermanno
736 3725 757 3778 l.
773 3725 789 3776 l.
802 3729 825 3788 ς.
841 3725 883 3776 us.
896 3725 965 3776 add.
980 3727 1073 3776 Haase
1086 3725 1105 3776 l.
1122 3725 1138 3774 l.
1153 3743 1217 3790 pag.
1232 3727 1275 3776 tu.

325 3809 355 3872 †)
372 3808 478 3860 (triech.
495 3811 650 3862 (ieschieht.
665 3811 686 3860 1.
700 3827 723 3876 p.
740 3812 795 3863 ltili.
809 3813 840 3862 ln
851 3813 956 3862 Diceris
966 3819 1039 3864 terra
1048 3805 1208 3875 Αἰγικορεῖς
1217 3811 1394 3877 potissimam

256 3881 335 3933 sedes
349 3880 478 3930 habuisse
491 3883 567 3943 ponit
579 3883 672 3931 Haase
682 3881 698 3930 l.
713 3881 730 3930 l.

257 4021 285 4069 H
308 3949 434 4086 phalis
446 3950 606 4001 confusione
618 3953 689 4001 inter
702 3955 721 3999 ᾶ
735 3957 761 4002 et
775 3954 789 4000 i
801 3952 873 4004 conl.
887 3951 1065 4002 Doederlein:
1092 3949 1265 4002 Homeriscb.
1277 3949 1394 3999 Glossar

328 4105 399 4170 †††)
413 4104 475 4154 viu.
490 4103 597 4154 Grieeb.
612 4104 767 4156 Geschicht.
781 4107 804 4154 1.
820 4123 846 4170 p.
863 4106 920 4158 166,

328 4176 374 4240 *†)
388 4173 548 4224 Vermischt.
562 4173 674 4227 Schrist.
690 4177 727 4226 11.
741 4191 767 4239 p.
783 4176 841 4226 530.

328 4259 395 4323 *††)
410 4261 427 4308 1.
441 4261 458 4310 l.
475 4275 536 4324 pag.
553 4259 586 4310 76
599 4275 667 4324 seq,
685 4261 769 4325 quiin
784 4263 891 4311 Paralia
904 4261 964 4311 illos
978 4261 1120 4312 habitasse
1132 4263 1219 4328 ponit,
1230 4260 1261 4312 C.
1271 4261 1401 4311 FrHer·

259 4344 361 4378 mann.:
378 4329 483 4379 (triech,
499 4329 702 4380 Staatselterth.
718 4329 742 4391 ᾗ.
757 4331 799 4380 us.
812 4347 835 4379 r.
849 4331 893 4380 fin.

328 4396 416 4462 *†††)
429 4401 464 4450 ci.
480 4399 659 4449 Sohaemunn.
676 4401 823 4465 Antiquitt.
838 4402 888 4450 inr.
902 4399 1002 4464 public.
1016 4401 1129 4452 Graece.
1142 4417 1204 4466 pag.
1221 4403 1280 4454 toa.

329 4467 376 4534 †*)
390 4469 445 4521 vid.
460 4469 635 4534 Archaeolog.
650 4469 767 4536 Zeitnng
784 4469 858 4521 1848.
872 4485 912 4521 ur.
925 4469 951 4521 6.
965 4470 1067 4537 Beileg.
1080 4487 1105 4536 p.
1119 4469 1194 4522 90.*.
