3002 4972
444 304 811 373 'lanpslcttona
836 308 872 374 V.
899 319 1051 383 iti—⁴196.
1255 319 1316 386 227

177 478 359 573 οὐδετέρην
384 487 537 553 στέλλειν
565 491 666 576 ἔφερε
691 481 711 574 ἡ
740 483 876 576 γνύμη,
909 491 946 556 ἐν
973 492 1069 583 Λίρςο
1098 493 1136 560 δὲ
1162 497 1202 582 τῇ
1224 495 1316 588 νήσῳ

176 603 283 674 τεῖχος
310 587 621 676 οἰκοδομησάμενον
649 585 792 679 ἡσυχίην
818 589 929 678 ἄγειν,
961 587 1006 680 ἢν
1034 599 1156 683 ἐκπέσῃ
1188 600 1225 664 ἐκ
1258 604 1316 686 τῆς

176 691 348 780 Μιλήτου·
391 699 505 760 ἔπειτα
533 691 571 760 δὲ
598 695 634 760 ἐκ
659 693 783 782 ’ταύτης
812 691 1026 784 ὁρμετύμενου
1052 699 1313 770 κατελεύσεσθαι

175 797 209 874 ἐς
239 795 302 882 τὴν
337 803 504 882 Μίλητον.
553 801 659 864 ταῦτα
690 795 753 883 μὲν
793 796 836 885 δὴ
871 794 1041 880 Ἑκαταῖος
1074 803 1311 890 συνεβούλευε.

175 894 277 991 Αύτῷ
304 900 341 967 δὲ
366 897 585 988 Ἀρισταγόρῃ
610 896 631 986 ἡ
659 906 796 988 πλείστη
826 901 942 990 γνύμη
970 893 1012 991 ἦν
1038 906 1071 984 ἐς
1091 903 1153 994 τὴν
1173 907 1380 995 Maiora-126

173 1027 235 1068 νου
267 998 422 1089 ἀπάγειν.
463 999 525 1089 τὴν
554 1002 615 1090 μὲν
649 1001 691 1090 δη
719 1010 875 1090 Μίλητον
909 1008 1078 1092 ἐπιτρέπει
1110 1011 1310 1100 Πυθαγόρη,

172 1099 274 1192 ἀνδρί
301 1111 370 1174 τῶν
397 1103 509 1173 ἀστῶν
530 1110 672 1198 δοκίμῳ·
710 1102 810 1186 αύτός
833 1107 869 1176 δὲ
893 1108 1099 1196 παραλαβών
1125 1113 1233 1181 πάντα
1252 1113 1312 1184 τὸν

171 1207 383 1296 βουλόμενον
405 1215 503 1277 ἔπλεε
530 1211 563 1287 ἐς
585 1207 646 1296 τὴν
667 1216 819 1298 Θρηίκην
838 1213 895 1279 καί
919 1218 993 1298 ἔσχε
1013 1211 1075 1300 τὴν
1094 1213 1226 1302 χώρην,
1255 1214 1311 1286 ἐπ’

171 1305 214 1398 ἣν
239 1312 372 1400 ἐστάλη.
412 1315 449 1380 ἐκ
477 1311 514 1380 δὲ
535 1310 656 1398 ταύτης
678 1308 889 1402 ὁρμεοίμενος
915 1312 1099 1384 ιἰπόλλυται
1119 1313 1186 1386 ὑπὸ
1206 1325 1308 1406 Θρηΐ-

172 1441 244 1482 κιον
259 1411 360 1494 αύτός
374 1441 410 1482 τε
430 1411 449 1483 δ
467 1410 701 1504 Ἀρισταγόρης
719 1419 774 1485 καί
795 1413 812 1484 ὁ
833 1416 971 1506 στρατὸς
988 1415 1109 1505 αὐτοῦ,
1130 1421 1228 1490 πόλιν
1249 1449 1308 1490 πε-

170 1577 207 1626 nd
224 1573 361 1641 στέλλειν,
380 1579 413 1630 δε
430 1581 510 1630 cuins
526 1580 603 1630 vorbi
623 1594 674 1630 usu
690 1585 718 1630 et
767 1582 827 1632 ²20.
844 1583 1001 1647 vl11,100.
1036 1585 1078 1635 Ad
1095 1576 1217 1651 ἀπάγειν
1232 1586 1311 1640 intel-

170 1647 373 1712 rignificrtione
386 1649 439 1699 vid.
453 1649 510 1714 111,
528 1651 584 1699 141.
601 1651 649 1710 IV,
666 1651 715 1700 147
767 1651 812 1716 lig.
828 1644 879 1700 τὸν
895 1647 1016 1719 στρατὸν
1029 1669 1050 1704 e.
1061 1648 1129 1714 τούς
1140 1649 1311 1720 συστρατιώ-

170 1727 198 1766 et
216 1718 268 1768 148
283 1719 377 1782 ibique
389 1718 481 1768 landd.
510 1722 601 1783 τεῖχος
616 1727 658 1769 est
671 1735 715 1768 co·
765 1735 825 1777 τας.

170 1791 281 1849 credam,
302 1805 369 1850 αντ,
396 1787 716 1850 utlv,4d.124211is-
807 1786 860 1854 τὴν
880 1783 932 1855 μὲν
954 1783 991 1856 δὴ
1010 1792 1142 1857 Μίλητον
1167 1785 1309 1858 ἐπιτρέπει

171 1871 224 1918 que
244 1857 313 1906 locie
333 1859 367 1906 ad
382 1858 452 1921 VII,
467 1855 502 1908 59
520 1856 622 1907 allatis.
652 1859 714 1908 Hoc
767 1857 939 1926 Πυθαγόρη]
953 1863 995 1912 Ad
1005 1863 1076 1912 hunc
1086 1865 1259 1930 Pythagoram
1268 1881 1309 1916 re·

170 1940 235 1978 vero
251 1928 358 1990 τεῖχος,
377 1928 456 1977 modo
474 1931 641 1978 exstructum
658 1945 714 1977 om·
765 1929 857 1978 ierunt
876 1946 987 1979 numum
998 1931 1130 1983 Doricam
1145 1936 1173 1984 in
1191 1936 1253 2000 ipae
1266 1936 1309 1985 Io-

170 1996 235 2047 nino
252 1995 350 2059 tuerit,
363 1998 398 2046 od
411 2002 518 2062 portum
530 1997 612 2046 eitum
628 1998 713 2047 tuisse
765 2000 811 2047 nia
823 2015 917 2050 cueurn
930 2015 989 2050 cum
1004 2003 1112 2052 nominc
1124 2003 1308 2068 Pythagorae,

169 2065 314 2116 contendit
328 2067 359 2115 L.
377 2067 457 2117 Roas.
472 2065 490 2116 1.
504 2081 566 2116 mox
580 2066 614 2130 1.,
631 2083 715 2131 qnon·
765 2067 842 2116 dacin
863 2069 958 2118 Ionam
978 2077 1075 2119 contre
1095 2073 1193 2121 Persas
1215 2073 1308 2122 foede-

168 2135 224 2185 iem
238 2151 310 2200 qnae
328 2137 416 2186 adhuc
435 2141 558 2198 exitam,
583 2141 714 2200 antiquae
764 2144 894 2188 rotornrn.
935 2138 996 2187 Vid.
1020 2138 1129 2192 Annali.
1159 2141 1306 2192 Viennene.

169 2206 245 2256 urbia
261 2205 360 2254 rudera
378 2205 474 2271 (prope
487 2209 624 2256 recentius
640 2206 715 2269 oppi-
765 2205 852 2258 LXII.
868 2221 929 2270 pag.
945 2208 988 2256 84.

168 2274 307 2338 dum‚cui
319 2291 416 2324 nomen
429 2273 572 2339 Partheni),
586 2276 654 2324 satie
668 2275 714 2324 do·
769 2337 774 2346 .
808 2267 892 2322 πόλιν
915 2264 1150 2340 περικατήμενος]
1185 2268 1307 2338 ,,Ἐννία

168 2351 243 2407 cent,
258 2343 429 2395 hencurbern
441 2347 504 2396 olim
515 2347 646 2396 munitam
660 2360 713 2394 non
764 2335 868 2406 οδούς,
890 2343 982 2393 Novem
998 2345 1070 2405 vina,
1093 2344 1121 2394 in
1139 2361 1253 2409 querum
1267 2348 1307 2395 vi-

168 2413 267 2465 t'uieee.
296 2415 376 2464 ter-oc
389 2416 480 2466 insula
493 2431 578 2480 parva
591 2415 715 2482 osporc-
763 2414 837 2463 cinia
860 2413 958 2463 deinde
979 2413 1147 2477 Amphipolin
1171 2415 1206 2463 ob
1226 2414 1308 2463 Atho-

168 2483 251 2534 dibne
273 2485 308 2533 ad
328 2487 548 2549 septemtrionem
564 2485 713 2550 Calymnae
762 2483 1027 2534 niensibuecondita
1040 2483 1184 2532 etxxxtl
1199 2485 1307 2548 quidem

168 2560 254 2618 atque
268 2555 332 2615 Coi,
352 2570 369 2603 a
384 2555 472 2604 Mileti
492 2554 611 2618 colonie,
632 2561 661 2604 ut
676 2557 713 2615 vi·
763 2555 843 2604 annie
855 2555 1101 2618 poetdristagorae
1109 2552 1224 2616 cladem,
1234 2569 1308 2617 egre-

168 2621 264 2685 detnr,
290 2623 363 2672 culta
382 2631 409 2673 et
421 2625 510 2674 Mileti
533 2624 631 2674 ditioni
650 2625 712 2674 hinc
762 2625 807 2690 gio
818 2631 931 2675 eactore
942 2623 1065 2688 Thucyd.
1080 2623 1127 2686 lv,
1145 2623 1201 2673 102.
1233 2623 1307 2672 Atti·

167 2693 273 2742 eddita.
287 2693 366 2754 Nunc
377 2709 483 2759 qnoque
493 2695 518 2744 ei
529 2697 711 2744 nomenhcro.

168 2761 212 2812 Ta
228 2761 284 2812 vid.
296 2762 471 2813 seraoxrv.
485 2764 572 2829 pato
586 2780 607 2816 ε.
618 2765 710 2816 9111).

166 2831 316 2895 Forbigcr:
335 2833 445 2883 Hendb.
459 2833 485 2883 d.
502 2833 550 2884 alt.
562 2834 659 2898 Geogr.
673 2835 712 2888 11.

167 2915 194 2964 p.
216 2901 284 2964 238,
299 2903 437 2954 Mannert.
456 2902 550 2964 v1,3.
571 2919 632 2968 pag.
650 2904 710 2964 246,

167 2976 195 3020 et
210 2972 259 3035 qui
274 2977 405 3021 accurato
420 2972 453 3022 de
470 2972 521 3022 hac
537 2973 626 3023 insula
641 2980 712 3023 retn-

167 3039 216 3100 lit,
239 3041 323 3091 Roee:
336 3043 438 3092 aeisen
450 3042 501 3092 aui
510 3043 536 3093 d.
546 3041 654 3096 Griech.
667 3043 711 3092 In-

167 3111 228 3160 eeln
249 3110 286 3158 11.
306 3126 331 3175 p.
353 3111 402 3161 116
422 3127 497 3176 seqq.
534 3113 624 3178 Atque
639 3112 710 3162 idem

167 3183 213 3231 vir
230 3179 326 3230 doctus
346 3181 374 3229 in
389 3181 495 3230 Fascio.
510 3182 546 3231 ΙΙ.
568 3183 710 3246 Inscriptt.

167 3249 282 3300 Graece.
294 3249 385 3300 inedd.
398 3266 438 3299 nr.
453 3249 501 3302 188
511 3250 563 3300 hnc
575 3252 659 3301 refert
671 3253 712 3300 in·

166 3319 344 3384 scriptionem
360 3320 527 3384 mutilatam,
549 3336 602 3385 qua
624 3321 711 3370 conti·

168 3390 227 3438 neri
237 3388 295 3438 vult
308 3389 447 3439 decretum
462 3388 647 3440 clerachornm
658 3389 710 3438 Mi-

167 3457 296 3508 lesiorum
317 3461 345 3508 in
364 3459 493 3509 honorem
511 3460 646 3509 Hecataei
660 3459 711 3507 Mi-

167 3528 243 3578 lesii:
275 3529 403 3578 dubitant
427 3535 519 3580 tamen
537 3529 647 3578 Cnrtiae
670 3525 711 3592 (in

168 3599 225 3648 len.
245 3599 313 3652 Litt.
332 3599 401 3652 Zeit.
422 3599 496 3650 1813.
513 3613 553 3647 nr.
572 3597 630 3649 109.
645 3611 708 3662 pag.

168 3667 231 3731 448)
257 3672 285 3718 ο1
308 3668 410 3718 Herold
436 3666 476 3731 (in
497 3667 626 3717 Miinchn.
650 3665 708 3717 oea

143 3783 147 3792 ,
166 3739 253 3786 Anrz.
268 3738 343 3788 1813.
357 3753 419 3802 pag.
430 3738 481 3788 238
491 3737 596 3802 seqq.),
612 3737 711 3802 quibus

168 3805 236 3856 haec
260 3807 405 3871 inscriptio
430 3807 465 3857 ad
486 3811 609 3871 tempora
633 3805 711 3870 longo

168 3877 322 3938 posteriora
335 3877 471 3941 portinere
486 3876 604 3926 videtur.

336 4047 402 4098 cir.
421 4047 543 4100 CXXVI.

197 4141 215 4214 ἡ
226 4148 342 4216 πλείστη
352 4145 449 4218 γνοίμη
462 4138 508 4217 ἦν]
523 4150 569 4200 ie.
578 4147 711 4212 Ανίτιαρο-

170 4235 216 4270 rac
231 4226 353 4271 cententio
370 4225 398 4274 id
411 4225 562 4286 potissimam
572 4218 711 4282 εγτολαδαί,

171 4293 319 4342 conanime
333 4293 479 4344 inclinabat.
504 4291 548 4340 Ite
558 4286 709 4352 Schweigh.

102 4360 106 4368 '
171 4359 199 4407 in
213 4361 279 4410 Lex.
297 4361 400 4412 Herod.
418 4363 507 4413 citans
525 4361 554 4421 1,
572 4357 628 4408 120.
649 4358 711 4421 vn,

763 2710 811 2745 cae
823 2695 953 2760 Cyloniec
965 2699 1073 2758 tempus
1085 2694 1112 2742 in
1125 2691 1168 2745 01.
1178 2693 1305 2744 LXXVII

761 2770 810 2816 eat
824 2767 961 2831 requentie
974 2764 1081 2814 initium
1094 2763 1223 2826 incurrit,
1242 2762 1306 2812 hinc

761 2835 938 2900 Aristagorae
959 2841 986 2884 et
1006 2836 1135 2886 comitum
1151 2839 1259 2898 etregee
1279 2835 1306 2884 io

763 2904 805 2954 01.
820 2906 903 2956 Lxx.
939 2905 1017 2956 Conf.
1039 2904 1121 2954 Diod.
1137 2902 1206 2964 XII,
1225 2902 1260 2952 68
1278 2907 1307 2952 et

762 2975 868 3028 Coruin.
888 2977 966 3027 Faet.
984 2975 1043 3024 att.
1061 2991 1087 3039 p.
1106 2973 1304 3024 18=i.‘1·.111.“

767 3046 803 3095 W
808 3047 911 3094 erecti
917 3059 961 3107 ap.
997 3043 1150 3094 Larcherue
1166 3042 1217 3092 hoc
1233 3047 1307 3093 retu-

761 3113 793 3162 lit
810 3113 845 3162 ad
859 3129 922 3163 ann.
933 3113 984 3163 498
999 3128 1025 3164 a.
1038 3113 1101 3164 Chr.
1116 3129 1142 3163 n.
1156 3128 1178 3162 ε.
1195 3111 1303 3178 Olymp.

761 3183 844 3244 LXX,
854 3183 880 3242 3,
891 3183 973 3246 idque
987 3183 1184 3241 1·ecte,ntnrihi
1196 3182 1305 3247 quidem

761 3250 883 3301 videtur:
916 3265 1005 3314 neqne
1030 3251 1174 3300 admodum
1199 3252 1262 3301 inde
1285 3253 1306 3301 ii

762 3319 944 3378 dissentiunt,
962 3319 1009 3381 qai
1022 3318 1066 3367 vel
1080 3335 1179 3368 :anama
1196 3322 1247 3372 497
1263 3320 1306 3386 (nt

762 3386 969 3436 Weissenborn:
986 3387 1083 3436 Helles
1096 3403 1156 3451 pag.
1172 3389 1229 3440 127.
1245 3389 1306 3452 139)

761 3455 805 3506 vel
820 3469 919 3503 annam
930 3453 980 3504 4113
992 3463 1112 3517 ponant3
1131 3457 1210 3506 modo
1226 3475 1259 3508 ne
1270 3461 1306 3509 ad

762 3539 862 3576 annam
880 3523 929 3572 501
951 3523 1118 3586 regrediaris
1137 3539 1197 3573 cam
1215 3527 1305 3577 Corri-

762 3596 808 3644 nio
830 3591 933 3642 autad
957 3607 1058 3641 annum
1079 3591 1131 3642 406
1153 3593 1304 3646 descendas
1391 3611 1392 3614 ¹

761 3679 822 3714 cam
846 3661 981 3712 clintone.
1015 3662 1078 3714 Vid.
1098 3661 1303 3716 Weissenborn.

761 3733 812 3782 11.
834 3739 862 3782 et
881 3732 917 3784 cf.
938 3734 1020 3781 etiam
1038 3731 1163 3782 Kleinert
1181 3732 1224 3780 in:
1244 3732 1305 3780 Boi-

763 3807 840 3867 trtige
852 3818 885 3852 zu
898 3801 949 3851 den
962 3801 1079 3868 theolog.
1092 3799 1303 3852 Wiseeneclroit.

762 3888 816 3924 von
829 3873 943 3936 Dorpat.
955 3873 993 3921 11.
1009 3887 1072 3938 pag.
1086 3871 1134 3922 138
1148 3885 1224 3934 seqq.
1249 3869 1305 3919 He·

762 3941 858 3991 rodoto
872 3941 960 3991 locum
972 3943 1044 3992 hanc
1063 3941 1201 4007 cognitum
1217 3939 1304 3989 iuieec

762 4011 876 4075 colliges
891 4027 923 4062 ex
937 4011 1001 4074 vll,
1018 4013 1081 4072 114,
1096 4011 1143 4076 qni
1157 4008 1227 4074 qnod
1240 4009 1304 4057 Am-

762 4081 883 4146 phipolin
900 4097 953 4130 non
965 4083 1086 4141 vocarit,
1104 4080 1132 4128 id
1145 4078 1206 4128 inde
1220 4077 1305 4142 expli·

762 4151 893 4216 candum,
909 4151 980 4215 qaod
992 4150 1090 4200 haecce
1106 4147 1305 4198 urbecelobc1·-

762 4222 833 4270 rima
857 4236 929 4270 anno
949 4219 1000 4270 437
1022 4235 1047 4270 n.
1066 4217 1128 4268 cnr.
1150 4233 1176 4267 n.
1196 4217 1303 4268 demum

762 4296 902 4342 exstructo
920 4293 975 4339 eet:
1004 4303 1057 4352 quo
1079 4293 1200 4351 tempore
1217 4289 1304 4338 Hero·

763 4360 844 4410 dotne
864 4358 980 4410 Graecia
1002 4357 1097 4408 relicta
1115 4357 1225 4409 Thuriis
1248 4359 1301 4410 iam

1041 4438 1104 4502 15*
