2994 4972
180 305 232 369 38Ι

181 474 420 567 ἀγωνιζόμενος
439 470 577 542 στάδιον
598 470 815 554 συνεξέπιπτε
834 473 881 562 τῷ
896 465 1025 561 προίτρι.
1059 470 1162 536 ταῦτα
1176 467 1238 556 μέν
1251 493 1317 534 νυν
1398 513 1400 518 -

182 579 269 650 οὕτω
284 607 325 666 κη
340 579 479 666 ἐγένετο.

134 693 174 755 23
260 681 459 769 Μεγάβυζος
486 678 522 748 δὲ
546 673 639 765 ἄγων
666 672 743 755 τοὺς
761 682 910 755 Παίονας
937 671 1072 746 ἀπίκετο
1096 675 1149 743 ε’πὶ
1171 669 1229 741 τὸν
1246 669 1316 740 Ἑλ-

183 786 386 875 λήσποντον,
402 785 564 852 ἐνθεῦτεν
579 779 614 848 δὲ
631 781 889 866 διαπεραιωθεὶς
903 775 1038 848 ἀπίκετο
1053 782 1086 858 ἐς
1095 777 1232 866 Σάρδις.
1259 773 1317 845 ἅτε

184 891 220 959 δὲ
241 889 423 976 τειχέοντος
444 883 507 974 ἤδη
528 880 683 954 Ἱστιαίου
703 888 763 952 τοῦ
782 891 952 971 Μιλησίου
974 880 1034 971 τὴν
1058 879 1156 970 παρὰ·
1169 887 1318 970 Δαρείου

183 1089 268 1152 stirpe
289 1085 430 1136 oriundum
450 1097 511 1134 esse
531 1086 559 1132 ct
571 1078 726 1130 Heraclidis

184 1156 336 1208 accenseri:
350 1154 382 1205 dc
394 1169 446 1219 quo
457 1149 726 1218 pluraNostchlll,

186 1227 245 1278 137.
278 1225 357 1276 Unde
370 1237 538 1288 consequens
552 1224 608 1280 est,
630 1217 726 1283 vulgus

183 1295 364 1348 Macedonum
376 1295 400 1344 si
414 1293 577 1342 Graecorum
593 1305 608 1339 e
619 1294 726 1338 senten-

183 1367 223 1417 tiu
235 1364 368 1416 barbarae
385 1368 428 1413 est
441 1360 570 1425 originis,
592 1373 669 1421 reges
684 1362 726 1406 ta-

185 1452 246 1486 men
255 1449 318 1486 vere
329 1449 377 1496 pro
386 1431 497 1482 Graecis
506 1426 646 1478 habendos
656 1441 726 1488 esse,

184 1505 277 1569 prouti
289 1501 527 1551 Hellunodicarum
541 1495 604 1545 tulit
618 1501 726 1546 sentcn-

185 1574 239 1622 tia:
264 1571 386 1622 Graecae
405 1570 476 1619 enirn
495 1567 589 1630 stirpis
603 1565 726 1615 hontines

185 1639 258 1693 solos
277 1640 312 1689 ad
326 1639 404 1688 ludos
416 1637 572 1702 Olympicus
592 1635 726 1684 admissos

186 1726 247 1763 esse
268 1713 439 1768 certaturos,
462 1707 501 1756 sic
516 1705 585 1755 satis
602 1707 725 1754 constat:

185 1780 242 1832 vid.
264 1779 350 1828 Meier
369 1777 412 1827 in:
439 1773 588 1840 Eucyclop.
612 1772 725 1825 Maleus.

186 1849 325 1902 sect111.
345 1845 443 1898 v01.3.
460 1860 524 1910 pag.
541 1843 603 1907 ⁶299,
621 1843 727 1892 Kranae

186 1919 293 1982 Olymp.
316 1917 339 1965 Ι.
358 1919 383 1978 §-
403 1915 428 1966 u.
446 1930 510 1980 pag.
528 1914 560 1964 51
583 1927 638 1977 seq.
663 1911 727 1962 coll.

187 1987 292 2051 'l'hcag.
300 2001 362 2050 pag.
374 1985 407 2036 34
418 2001 474 2049 seq.
501 1984 598 2047 ltaque
611 1997 663 2030 non
674 1980 729 2030 nisi

187 2057 249 2106 odio
262 2061 345 2120 atque
358 2055 462 2104 invidit
475 2053 579 2103 summi
593 2052 729 2102 excitatus

185 2125 383 2176 Demosthenes
417 2123 571 2188 Philippum
602 2119 729 2170 Macedo-

187 2211 247 2246 nem
268 2199 407 2259 tamquam
426 2193 571 2243 barbarum
586 2189 728 2240 traducere

187 2266 314 2330 omnique
334 2263 520 2313 conviciorum
541 2276 638 2326 genere
658 2261 729 2308 iusc-

188 2336 258 2384 etari
270 2334 368 2399 potnit.
393 2332 454 2383 Vid.
467 2331 585 2396 Philipp.
599 2330 651 2381 111.
666 2345 728 2393 pau.

189 2403 248 2457 119.
265 2407 289 2467 ξ.
304 2402 346 2454 31.
363 2401 473 2466 Olynth.
487 2401 538 2451 111.
552 2417 576 2465 p.
591 2399 634 2450 33.
650 2402 674 2461 5.
689 2399 727 2459 to,

188 2473 235 2524 ubi
257 2471 415 2524 consulatur
433 2470 565 2521 Voemelii
586 2468 728 2518 annotatio

187 2559 252 2609 pag.
265 2542 315 2592 tau
325 2557 381 2606 seq.
407 2543 503 2604 Neque
515 2541 585 2590 enim
598 2553 669 2587 nunc
681 2552 728 2585 vu·

187 2619 234 2662 cat
262 2613 413 2675 inquirere,
446 2609 609 2658 Macedones
637 2613 728 2655 utrum

188 2683 293 2730 Graeca
318 2695 353 2728 an
370 2677 481 2742 Illyrica
507 2677 596 2726 aliave
618 2689 728 2740 prorsus

188 2751 273 2811 stirpe
289 2748 406 2806 fuerint,
427 2745 540 2795 Graccis
558 2749 663 2793 tantum
681 2742 729 2792 ad·

188 2817 290 2865 ruistis.
318 2814 378 2862 ulia
388 2818 509 2864 veterum
527 2814 684 2862 testimonia
696 2811 729 2860 dc

187 2884 295 2935 Graeca
306 2882 349 2932 vel
360 2885 451 2946 potius
462 2883 562 2946 Argiva
571 2898 663 2946 regum
671 2882 729 2930 Ma-

186 2955 317 3004 cedoniae
335 2953 441 3015 origine
457 2951 492 3000 ad
511 2952 581 3002 huuc
597 2951 730 3001 Herodoti

186 3023 273 3074 locum
292 3019 386 3071 attulit
404 3021 535 3071 Valcken.
559 3037 592 3071 ex
611 3021 727 3072 Isocrat.

187 3093 301 3156 Philipp.
315 3107 375 3155 pag.
387 3089 429 3143 88.
445 3093 502 3142 103.
519 3091 566 3141 101
579 3091 621 3141 cd.
633 3089 727 3153 Steph.

187 3162 226 3228 [p.
240 3164 281 3212 tt.
297 3161 339 3211 87.
353 3160 387 3211 88
399 3159 517 3226 Teubn]
532 3162 651 3211 Pausun.
665 3159 727 3216 Vll,

160 3281 163 3286 ,
186 3235 212 3284 u.
233 3235 257 3294 ξ.
274 3231 299 3280 5.
324 3228 477 3293 Thucydid.
499 3229 603 3290 11,99.
627 3232 665 3293 V,
684 3229 726 3279 80.

187 3301 276 3364 Epist.
299 3299 406 3350 Socrat.
426 3299 543 3349 XXVlll
570 3306 597 3350 ct
614 3299 726 3350 siurim.

179 3371 251 3432 ''1¹yr.
268 3367 364 3422 xx.8
384 3367 444 3418 coll.
467 3371 525 3421 Liv.
545 3369 664 3432 XXVII,
684 3368 726 3419 30.

185 3440 259 3490 Idem
274 3437 405 3488 Valcken.
424 3438 457 3490 ‹le
476 3439 559 3490 verbo
576 3437 726 3502 κρίνεσθαι

187 3509 292 3558 monuit
301 3509 330 3558 in
343 3507 393 3556 tali
406 3524 433 3556 re
446 3507 560 3558 solemni
574 3514 601 3558 et
612 3510 726 3570 usitato,

186 3583 285 3643 atque,
312 3581 425 3628 notante
449 3580 513 3638 Cu,
537 3578 648 3628 eandem
670 3595 726 3628 rem

186 3648 283 3711 attigit
296 3647 324 3696 in
338 3647 415 3696 Orat.
432 3648 465 3698 de
479 3647 606 3713 Philippo
620 3649 727 3700 Maced.

185 3731 250 3782 pag.
261 3717 311 3765 272
323 3721 351 3766 et
365 3717 424 3767 274.

220 3779 269 3834 καὶ
291 3776 495 3848 ἀγωνιζόμενος
520 3776 636 3834 στάδιον
662 3799 725 3834 συν-

185 3848 314 3917 εξέπιπτε
329 3855 368 3918 τῷ
382 3851 495 3920 πρώτῳ]
510 3855 670 3906 Valckenur.
685 3872 728 3906 su·

186 3929 307 3991 spicatur
318 3925 449 3990 scripturn
462 3925 546 3976 fuisse
556 3917 726 3988 ιῖγωνισόμε-

186 4011 250 4060 νος,
264 3995 315 4046 hoc
328 3995 384 4045 iere
398 4010 492 4045 seusu:
510 4003 534 4044 et
544 3997 627 4048 stadio
640 3997 725 4044 decer-
748 4043 751 4050 ,

185 4069 264 4117 taturi
283 4081 369 4115 nomeu
389 4081 438 4116 ιιιια
454 4081 507 4114 cum
525 4067 727 4127 priore·uorur'ue

185 4144 255 4184 sorte
264 4135 403 4198 excidebat,
417 4133 642 4200 quemadmodum
656 4134 727 4200 apud

185 4203 296 4252 Livium
321 4203 436 4267 XXIII,
463 4203 492 4254 3:
533 4209 587 4266 „ut
612 4206 726 4270 primam

184 4271 272 4334 ipsius
297 4275 325 4320 at
348 4275 540 4339 antagonistae
562 4279 661 4324 sortem
685 4292 727 4326 ex-

185 4339 251 4390 iisse
280 4339 399 4404 optimus
428 4347 524 4394 auctor
556 4345 726 4410 significet.“

615 295 880 358 HERODO'PI

777 1083 847 1133 Mihi
860 1083 906 1132 rix
923 1098 992 1149 opus
1005 1081 1114 1132 videtur
1133 1081 1221 1131 futuri
1237 1080 1320 1146 purti-

777 1154 866 1219 cipio,
882 1167 931 1203 nec
944 1153 1014 1202 satis
1027 1167 1126 1202 causae
1140 1151 1252 1202 subesse
1262 1166 1320 1201 ere-

778 1223 855 1284 danr,
872 1227 904 1272 ut
915 1213 1133 1286 ἀγωνιζόμενος,
1147 1221 1175 1270 in
1189 1235 1242 1286 quo
1253 1223 1321 1270 scri·

777 1295 819 1358 pti
830 1293 892 1342 libri
905 1293 1077 1357 conspirant,
1091 1297 1260 1341 commutem.
1279 1295 1320 1340 Ae

778 1364 860 1412 moris
875 1362 959 1412 fuisse
976 1363 1146 1426 accepimus,
1162 1365 1207 1422 ut,
1229 1359 1320 1424 plures

777 1448 837 1482 cum
855 1432 984 1483 adessent
998 1430 1131 1494 athletae,
1154 1434 1255 1480 sortem
1271 1430 1319 1480 du-

777 1506 886 1563 cerent,
903 1504 1013 1566 quinam
1028 1501 1107 1565 priori
1121 1501 1321 1550 committeren-

777 1576 835 1632 ειυς
855 1571 888 1621 de
901 1585 954 1636 qua
968 1571 1112 1620 sortitione
1127 1567 1260 1619 classicus
1279 1573 1322 1619 est

777 1641 893 1690 Luciani
910 1639 986 1690 loeus
1005 1640 1033 1688 in
1051 1640 1210 1688 Hermotim.
1231 1642 1255 1701 ξ.
1276 1638 1319 1689 40.

778 1712 855 1762 Tom.
877 1711 924 1759 lV.
943 1725 1006 1772 pag.
1022 1709 1056 1758 55
1075 1709 1117 1758 ed.
1135 1709 1197 1773 Bip.
1211 1715 1239 1758 et
1250 1710 1320 1758 Pau-

779 1795 837 1829 san.
851 1780 904 1840 vl,
921 1778 967 1840 13,
981 1780 1010 1827 2:
1028 1777 1099 1827 unde
1113 1777 1256 1840 discimus,
1277 1793 1321 1827 eo-

778 1864 851 1908 rum,
882 1848 927 1913 qui
946 1862 1043 1897 cursus
1066 1853 1204 1898 certamen
1226 1847 1321 1896 inituri

780 1923 880 1980 essent,
893 1916 983 1980 plnres
997 1907 1098 1981 τάξεις,
1116 1933 1228 1981 quarum
1241 1932 1322 1981 quae-

780 2003 831 2053 que
842 1987 931 2052 plures
941 1990 1093 2037 certaturos
1103 1986 1270 2045 contineret,
1280 1987 1321 2034 ita

780 2059 945 2108 constitutas
962 2056 1060 2119 fuisse,
1086 2061 1117 2106 ut
1134 2055 1257 2121 singulae
1277 2049 1323 2102 ια’-

780 2125 837 2188 ξεις
857 2127 1036 2184 sortirentur,
1063 2130 1145 2190 atque
1166 2141 1197 2174 eo
1217 2125 1321 2186 ordine,

780 2213 833 2262 quo
857 2200 949 2247 esseut
968 2196 1097 2254 sortitae,
1125 2195 1160 2244 ad
1186 2199 1323 2245 certarnen

780 2266 984 2317 descenderent.
1015 2265 1112 2330 ltaque
1125 2263 1278 2316 Alexander
1294 2265 1323 2314 in

780 2336 870 2386 stadio
896 2341 1050 2385 certaturus
1082 2351 1132 2384 uua
1155 2335 1249 2384 excidit
1290 2349 1321 2383 ex

779 2405 859 2470 urna)
875 2408 957 2468 primo
968 2412 1045 2464 sorte,
1062 2403 1079 2453 i.
1090 2419 1114 2453 e.
1126 2407 1229 2466 primam
1240 2395 1274 2451 τοτ’
1293 2419 1323 2452 ιν

779 2479 882 2524 sortitus
899 2483 951 2524 est:
980 2489 1095 2538 uanique
1113 2472 1147 2522 ad
1167 2471 1204 2537 τῷ
1219 2465 1322 2539 προίτρι

778 2543 984 2607 intelligendum
997 2548 1039 2591 est
1049 2535 1137 2604 πάλῳ,
1150 2543 1323 2606 quemadmo-

779 2613 841 2662 dum
856 2613 882 2660 in
894 2612 976 2661 simili
988 2627 1016 2660 re
1030 2602 1166 2673 ὁπρώτυς
1179 2604 1267 2670 πάλος
1280 2613 1322 2662 in-

779 2683 888 2730 venitur
898 2683 926 2730 in
937 2681 1066 2746 Inscript.
1080 2681 1175 2732 Gracc.
1191 2698 1230 2731 nr.
1242 2683 1321 2744 2003,

780 2751 825 2799 ubi
838 2750 915 2814 plura
928 2751 1033 2800 addidit
1045 2751 1155 2802 Boeckh
1166 2749 1231 2807 C.J.
1243 2753 1321 2801 Tum.

780 2820 817 2870 11.
836 2835 899 2884 pag.
913 2821 964 2872 450
978 2835 1034 2884 seq.
1067 2823 1109 2871 'l'u
1126 2821 1199 2871 coni.
1221 2822 1254 2872 de
1272 2821 1320 2871 hn-

780 2890 896 2940 iusmodi
913 2891 1057 2940 sortitione
1069 2891 1154 2940 Meier
1172 2891 1213 2940 in:
1233 2893 1321 2955 Ency-

779 2959 849 3022 clop.
866 2959 978 3010 Maleus.
995 2959 1066 3010 Sect.
1082 2960 1133 3010 lll.
1149 2959 1210 3013 Vol.
1226 2961 1278 3011 Ill.
1294 2977 1320 3024 p.

780 3029 839 3091 313,
855 3030 960 3079 Kranae
972 3029 1077 3094 Olymp.
1093 3029 1114 3079 1.
1129 3034 1153 3092 §-
1168 3029 1208 3080 13.
1222 3047 1248 3094 p.
1262 3030 1319 3081 109.

779 3099 854 3160 Quae
868 3114 927 3148 curn
939 3101 977 3148 itu
989 3099 1056 3163 sint,
1071 3100 1140 3150 satis
1152 3104 1241 3163 patet,
1257 3100 1321 3165 quid

779 3168 811 3217 de
826 3169 970 3219 vernacula
988 3168 1065 3220 huius
1085 3167 1139 3219 loci
1157 3170 1320 3232 iuterpreta-

780 3239 853 3288 tione
873 3240 909 3287 sit
928 3238 1118 3290 iudicandum:
1145 3239 1217 3298 „renel
1235 3241 1321 3290 elisei·

778 3311 809 3356 im
819 3307 930 3358 Stadium
942 3310 989 3358 deu
1005 3307 1133 3369 Wettlous
1138 3307 1222 3359 hatten
1232 3311 1320 3368 metite,

778 3377 835 3428 lraru
852 3394 882 3427 er·
895 3378 974 3442 plciclr
989 3380 1031 3427 utt't
1042 3379 1096 3427 dem
1109 3379 1233 3428 Er·stcrr.“
1264 3380 1320 3428 lte-

777 3448 819 3512 gis
832 3449 983 3512 perspicuo,
997 3447 1102 3512 opinor,
1115 3447 1162 3498 aed
1175 3448 1263 3498 minus
1276 3463 1320 3498 ao·

777 3522 871 3567 curate
893 3517 1061 3568 Larcherus:
1089 3533 1153 3578 „sou
1172 3535 1225 3568 πονε
1247 3521 1322 3568 sortit

777 3587 809 3636 de
825 3589 908 3636 l'urue
927 3603 987 3637 onec
1003 3589 1067 3637 celui
1081 3588 1114 3636 du
1131 3591 1241 3650 premier
1256 3603 1319 3638 ευιιι-

777 3657 906 3712 dattant;¹‘
926 3673 984 3706 cum
1001 3648 1129 3716 ἐξέπιπτε
1145 3657 1215 3707 idem
1229 3658 1266 3708 sit
1281 3663 1321 3707 at·

779 3743 831 3791 que
849 3717 879 3775 ἐκ
902 3718 930 3774 d'
952 3719 1038 3784 {deos
1057 3726 1130 3790 apud
1147 3727 1257 3779 llomer.
1276 3727 1319 3781 lli.

776 3797 838 3856 Vll,
853 3796 901 3846 182
916 3812 972 3860 seq.
998 3797 1044 3844 Sic
1058 3785 1205 3845 ἐκπίπτειν
1218 3798 1251 3848 de
1265 3797 1319 3847 cal-

777 3865 847 3916 eulls
862 3866 962 3915 dicitur
976 3865 1005 3914 iu
1016 3865 1189 3930 Xenophont.
1205 3866 1318 3917 Conviv.

779 3935 871 3994 5,10;
892 3931 1091 3984 συνεκπίπτειν
1109 3937 1137 3984 in
1159 3936 1242 3985 simili
1263 3938 1320 3986 lere

778 4021 807 4054 re
820 4005 930 4055 adhibet
944 4005 1043 4054 Noster
1058 4005 1086 4064 1,
1101 4005 1161 4056 206.
1178 4007 1262 4066 vni,
1275 4005 1317 4059 49.

954 4177 1019 4227 Car.
1037 4177 1141 4228 XXlll.

812 4269 859 4328 ἅτε
876 4271 907 4327 δὲ
927 4275 1082 4343 τειχέοντος
1106 4297 1130 4332 κ.
1150 4297 1173 4334 τ.
1193 4279 1228 4346 1.]
1254 4281 1318 4346 Spe·

779 4351 856 4398 etant
869 4347 937 4399 haec
954 4349 988 4424 ad
1003 4365 1051 4410 ca,
1073 4366 1142 4417 quae
1161 4367 1243 4417 supra
1258 4367 1317 4416 cap.
