3038 4994
1239 375 1298 441 191

1086 451 1136 530 0

169 561 279 624 Ταῦτα
299 553 362 642 μὲν
376 554 638 642 Λακεδαιμόνιοι
658 557 794 642 λέγουσι
812 558 931 643 μοῦνοι
949 549 1133 642 Ἑλλήνων,
1158 550 1239 622 τάδε
1260 553 1345 630 9853

164 657 247 728 κατὰ
267 655 373 728 ταύτά
394 658 558 746 λεγόμενα
571 654 637 726 ὑπὸ
654 655 823 748 Ἑλλήνων
838 653 902 744 ἐγω
916 656 1053 744 γράφω·
1080 655 1219 736 τούτους
1233 655 1298 745 γάρ

93 827 97 836 .
163 760 205 851 δὴ
232 759 310 840 τούς
330 764 494 848 Δωριέων
516 764 673 849 βασιλέας
696 765 791 851 μέχρι
810 761 873 848 μὲν
894 763 1043 849 Περσέος
1066 763 1128 828 τοῦ
1148 761 1297 849 Δανάης,

161 869 222 934 τοῦ
236 869 321 934 θεοῦ
335 861 511 948 ἀπεόντος,
534 867 820 954 καταλεγομένους
840 861 952 953 ὀρθῶς
971 858 1039 932 ὑπὸ
1055 857 1224 951 Ἑλλήνων
1242 865 1299 932 καὶ

162 965 489 1056 ἀποδεικνυμένους,
517 964 562 1048 eis
586 973 650 1038 εἰσι
666 965 842 1057 Ἕλληνες·
879 963 945 1056 ἤδη
970 964 1034 1056 γάρ
1057 967 1299 1054 censentiret&

540 378 721 442 ΕΒΑΤΟ.
745 377 799 444 vi.
821 389 865 446 52.
887 387 930 444 53.

161 1169 258 1220 Livius
270 1167 513 1231 XL‚sssociollilcm
526 1171 706 1220 consortionem
755 1181 784 1218 se
802 1168 864 1218 vise
884 1171 935 1218 est.
972 1167 1026 1230 Qui
1046 1167 1117 1218 idem
1135 1165 1205 1218 liber
1225 1167 1298 1234 quod
1367 1209 1371 1218 .

160 1243 226 1290 iuter
253 1237 323 1287 birros
345 1238 599 1288 Lacedaemoniorum
630 1254 705 1302 repes
756 1253 817 1290 mox
836 1237 928 1286 effert:
952 1227 1007 1285 ὑπ’
1025 1225 1152 1300 ἀλλήλων
1173 1252 1222 1302 pre
1242 1230 1296 1286 ὑπ’

158 1311 296 1358 colerensem
310 1322 359 1370 per
378 1309 453 1356 ruoilo
470 1309 556 1356 seculo
566 1309 628 1370 ipsis
640 1310 706 1372 seis·
749 1299 906 1372 Ἑλλήνων,
920 1306 948 1354 in
960 1321 991 1356 ee
1005 1305 1159 1372 Schweigh.
1175 1308 1297 1372 suspice·

159 1393 187 1427 se
196 1380 358 1442 patriosque.
386 1378 455 1427 Num
470 1378 600 1442 privatim
616 1379 705 1442 saepi·
754 1381 798 1427 tur
807 1377 892 1426 lutere
902 1366 956 1424 ὑπ’
970 1366 1221 1440 άλλωνἙλλήνων.
1242 1377 1295 1426 Pro

159 1463 192 1498 ne
204 1447 357 1497 adversarii
367 1447 421 1496 due
432 1461 512 1511 reges
521 1447 704 1498 Lacedaemo·
752 1438 852 1510 γράφω
864 1444 961 1510 reponi
973 1443 1110 1494 iubentem
1126 1437 1228 1508 γράψω
1241 1446 1296 1497 Ne·

160 1520 268 1567 niorum
288 1517 430 1566 unanimes
456 1517 652 1580 conspirabunt
674 1521 703 1566 in
752 1516 846 1566 berum
862 1515 1070 1580 inMnemoeyn.
1089 1514 1136 1564 lV.
1156 1529 1185 1579 p.
1200 1515 1231 1564 17
1252 1530 1295 1566 ee-

159 1586 286 1651 publieee
296 1587 334 1635 rei
344 1585 491 1636 commodis
501 1586 643 1650 iuvandis,
655 1590 703 1636 eut
753 1591 833 1636 cutus
845 1599 900 1634 non
912 1597 980 1633 snm.
1065 1641 1070 1660 .

159 1656 242 1706 etium
255 1655 325 1705 inter
335 1671 364 1706 ee
374 1654 548 1704 laudabiliter
559 1656 703 1706 eertubnnt
785 1647 904 1710 τούτους
911 1644 964 1715 γὰρ
975 1643 1012 1714 δὴ
1022 1665 1089 1707 τους
1099 1643 1234 1714 Δωριέων
1245 1647 1295 1716 βα-

159 1719 225 1787 περλ
242 1721 294 1772 τοῦ
307 1716 440 1786 ὁκότερος
453 1717 526 1772 πλέω
538 1715 636 1787 ἀγαθὰ
648 1718 701 1788 τὴν
752 1717 843 1780 σιλὲας
857 1738 881 1771 α.
899 1737 922 1776 τ,
940 1717 977 1784 λ.]
1005 1721 1047 1771 Ad
1061 1725 1226 1772 structurum
1239 1719 1294 1771 loci

121 1793 123 1798 '
159 1789 284 1856 πατρίδα
295 1785 454 1858 ἐργάσεται,
475 1799 505 1842 ut
517 1793 652 1845 Aristides
664 1794 703 1844 le·
752 1791 946 1858 expediendum
957 1805 990 1841 ex
997 1789 1223 1869 antecedentibus
1232 1791 1295 1842 sub·

159 1865 252 1930 quitur
271 1863 405 1914 Herodoti
423 1863 507 1926 vni,
528 1864 570 1914 lt).
605 1865 701 1929 Neque
750 1863 914 1913 audiendum
935 1860 1033 1924 opinor
1052 1875 1167 1924 pompm,
1196 1875 1213 1912 e
1240 1876 1292 1926 que

158 1933 247 1983 noluit
262 1933 406 1998 Lyeurgus
431 1931 593 1982 concordem
617 1934 700 1984 telem
750 1933 888 1996 pendeant
903 1930 1056 1980 ueeueetiri
1070 1926 1293 1994 βασιλέας-κα-

158 2003 323 2053 diueerdiem
348 2003 375 2050 in
400 2002 515 2051 civitate
541 2017 592 2052 sne
611 2003 699 2053 locum
749 1991 1290 2062 eetspope'oeneneldnodeinrvpioooe.

158 2071 267 2122 hebere.
294 2071 433 2121 Plutarch.
445 2073 467 2123 l.
481 2086 507 2135 p.
518 2070 570 2121 598
577 2071 607 2122 C.
621 2073 659 2124 11.
672 2087 697 2137 p.
750 2071 827 2120 Haec
837 2069 907 2118 enirn
914 2065 1205 2118 Heredetisenteutie:
1217 2069 1294 2129 „Hos

157 2139 367 2193 reuertitur*
384 2143 410 2190 V
413 2143 445 2189 ol
452 2140 539 2190 elren.
570 2141 612 2191 Tu
626 2142 698 2192 ceni.
749 2142 811 2190 cuim
823 2141 916 2188 Horren
931 2151 1005 2201 repes
1023 2134 1131 2200 (scribe
1149 2136 1292 2201 equidem)

157 2211 191 2260 de
214 2209 258 2259 his
285 2225 391 2275 quoqne
418 2210 595 2260 disserentem
617 2211 647 2261 C.
666 2212 696 2260 F.
748 2224 825 2273 usquc
840 2209 877 2257 od
888 2209 1008 2257 Perseum
1017 2213 1087 2255 recte
1103 2207 1238 2256 oGroecis
1249 2222 1292 2256 rc-

156 2279 305 2330 Hermenn.
322 2280 434 2345 Autiqq.
448 2279 570 2330 Lucoun.
587 2295 650 2346 peg.
665 2281 698 2332 32
748 2279 846 2328 censeri
858 2274 1212 2355 ‹erperobrgr-r'drcrecosesse.u
1226 2277 1291 2326 Ver-

157 2363 213 2413 seq.
747 2349 789 2398 bis
802 2343 853 2394 red
868 2341 942 2394 tired
956 2337 1114 2406 απεόνιος,
1134 2345 1153 2391 i.
1167 2359 1190 2394 e.
1205 2343 1252 2394 deo
1264 2346 1289 2394 im

746 2419 836 2467 seriem
861 2431 909 2466 nen
931 2417 1014 2464 relato
1044 2415 1104 2464 rire
1130 2413 1173 2462 dei
1195 2416 1290 2464 nomene

746 2488 940 2549 praetermisso,
959 2488 991 2533 nt
1004 2482 1088 2548 vulgo
1107 2483 1289 2547 interpretan-

341 2519 407 2573 Cfl’·
428 2519 506 2572 Lm·
747 2560 806 2618 tur,
828 2556 948 2605 indicere
972 2552 1032 2602 vult
1058 2553 1173 2614 Noster,
1199 2551 1288 2617 deum,

193 2617 288 2670 Ταῦτα
301 2612 353 2685 μὲν
366 2617 588 2686 Λακεδαιμόνιοι
604 2620 697 2686 λέγον-

156 2704 184 2740 οι
205 2705 231 2742 ιι.
247 2706 272 2740 τ.
287 2689 320 2757 λ.]
354 2693 428 2742 Bene
446 2692 568 2744 Mueller.
587 2693 652 2741 Der.
672 2692 695 2742 1.

155 2775 218 2826 peg.
229 2761 276 2810 52:
297 2761 418 2823 „Soweit
427 2763 463 2811 ist
476 2779 505 2813 es
519 2759 695 2826 Speciulsuge

155 2830 202 2880 der
222 2830 469 2893 Lacedaemonios,
491 2832 541 2880 des
557 2831 695 2896 Folgende

155 2899 276 2949 beriehte
295 2899 339 2949 ich
354 2900 425 2950 nueh
441 2902 488 2951 der
502 2900 695 2952 Griechiseheu

154 2969 366 3033 Gemeinsege.“
391 2971 415 3021 N
418 2985 460 3019 um
473 2967 562 3018 ταῦτα
574 2971 609 3020 ed
620 2976 694 3020 ente-

153 3038 279 3088 eedentie
293 3040 420 3103 pertinet,
434 3031 502 3087 τάδε
517 3039 552 3088 ed
566 3055 608 3103 ee,
624 3055 693 3104 quee

153 3107 280 3172 deinceps
294 3115 468 3170 enarrentur,
491 3113 522 3158 ut
536 3108 604 3160 bene
620 3125 653 3159 ex
667 3109 693 3158 h.

152 3175 171 3226 l.
189 3179 297 3226 monuit
314 3193 420 3242 qnoque
437 3178 565 3229 Knehner
581 3179 627 3228 Gr.
644 3178 691 3230 Gr.

154 3249 177 3307 §-
192 3245 254 3308 629,
265 3247 290 3295 ll.
314 3247 415 3297 Eodem
427 3247 507 3297 medo
518 3247 591 3297 inire
601 3247 650 3310 VI,
659 3248 694 3298 58

151 3304 385 3379 τοάςἝλληνας,
407 3331 474 3382 qnos
494 3316 521 3368 h.
538 3316 556 3365 l.
576 3318 693 3366 Luceni-

152 3384 203 3433 bus
218 3387 331 3449 opponit
341 3388 455 3449 Noster,
475 3391 503 3435 et
516 3387 612 3450 poiites
632 3385 692 3438 illos

151 3453 196 3518 (de
209 3455 306 3519 quibus
317 3455 364 3517 Vl,
376 3457 410 3507 52
421 3455 493 3520 init.)
507 3455 651 3517 intellexit,
667 3461 695 3506 et

150 3527 275 3574 caeteros
287 3525 406 3576 Graecos
419 3528 559 3590 potiturum
575 3527 694 3575 aucteri-

150 3595 236 3642 tutem
250 3601 395 3658 sequentes
409 3601 436 3646 et
448 3597 483 3644 eb
496 3609 587 3645 eornm
601 3611 693 3644 nnme-

150 3661 225 3713 tione
239 3664 399 3728 pendentes.
430 3665 492 3714 Mox
506 3680 520 3714 e
533 3664 691 3715 Florentino

150 3745 210 3810 epm
226 3747 296 3783 rece.
317 3733 377 3783 edd.
392 3736 513 3800 reposui:
538 3727 609 3782 λαιά
628 3729 691 3784 ναά-

149 3815 185 3849 τα
199 3795 334 3866 λεγόμενα
356 3803 499 3868 (sccnndum
510 3819 555 3868 err,
570 3821 635 3869 quoe
648 3821 690 3854 eo

149 3871 205 3920 dem
226 3875 298 3922 morlo
316 3872 348 3921 ab
367 3873 476 3922 omnihus
495 3875 602 3923 Graecis
618 3891 692 3924 cnor-

149 3941 265 4005 rontnr),
283 3941 330 3991 nbi
343 3942 425 4004 vulgo
445 3937 515 3990 need
532 3935 566 3990 τά
578 3935 690 4006 λεγόμε-

150 4023 187 4057 νοι
204 4008 234 4072 (i.
251 4025 274 4061 e.
289 4013 421 4061 secundum
436 4029 481 4074 co,
499 4028 564 4076 quoe
574 4013 690 4062 dicentur

149 4095 166 4128 o
179 4083 282 4144 reliquis
293 4080 428 4144 Graeciel:
440 4083 468 4131 in
478 4097 532 4146 qno
543 4083 602 4144 ipso
610 4081 689 4132 (leie-

148 4148 219 4200 ierd.
233 4150 299 4199 nihil
313 4166 343 4200 se
356 4151 478 4202 invenire
491 4153 541 4212 eit,
556 4150 627 4215 quod
642 4151 689 4200 im-

146 4219 253 4282 probet.
288 4221 327 4270 Ac
344 4236 410 4272 eene
430 4222 471 4270 ite
481 4223 582 4271 Noster
597 4222 625 4280 Ι,
639 4221 687 4271 ue:

147 4283 219 4336 uerit
241 4287 329 4338 ταῦτα
345 4285 447 4355 γράψω
461 4289 523 4341 coll.
536 4290 575 4354 V,
589 4288 623 4339 53
640 4289 687 4339 fin.

146 4349 218 4406 nerei
234 4351 268 4406 τά
277 4347 412 4424 Ἕλληνες
424 4355 543 4425 λέγουσι.
577 4359 614 4410 At
626 4359 688 4409 Fle-

146 4427 247 4477 rentini
260 4427 325 4478 libri
339 4431 421 4482 lectio
434 4429 634 4498 significentior
646 4445 689 4482 es-

748 2641 765 2676 e
783 2641 835 2691 qno
851 2626 911 2690 ipse
926 2625 1042 2674 Perseus
1060 2622 1191 2686 originem
1211 2637 1288 2672 suurn

747 2695 863 2758 duxerit,
880 2695 914 2744 eb
927 2693 978 2744 hee
990 2692 1061 2744 serie
1077 2691 1182 2754 abesse,
1193 2693 1217 2742 ei
1229 2693 1287 2757 qui·

746 2765 806 2816 dem
820 2765 896 2815 deum
913 2769 1020 2814 tentum
1039 2761 1166 2811 hebuerit
1184 2767 1288 2826 petrem

745 2836 858 2886 Perseus
870 2871 876 2896 ,
890 2849 978 2898 neque
990 2833 1072 2884 etiem
1082 2838 1181 2894 putrem
1197 2839 1289 2882 morta·

745 2907 799 2964 lem,
813 2903 919 2970 qualern
932 2902 1054 2968 plerique
1068 2901 1164 2951 herotis
1177 2899 1287 2952 lrebnis·

745 2991 774 3025 ee
792 2973 925 3025 feruntur.
959 2973 1028 3022 Eum
1042 2971 1114 3020 enim
1130 2971 1158 3020 in
1178 2971 1287 3022 medum

743 3046 803 3110 ipse
819 3046 919 3096 Noster
938 3041 1098 3106 paulopost
1115 3040 1184 3090 heee
1203 3043 1287 3092 verbe

743 3114 949 3178 interpretetur.
977 3113 1105 3162 Perseum
1122 3115 1213 3162 eutem
1228 3111 1286 3161 vul-

743 3199 778 3247 go
796 3183 909 3232 tradunt
926 3181 1001 3231 Ievis
1024 3185 1053 3232 et
1069 3181 1181 3232 Danube
1201 3180 1284 3230 filium

744 3267 814 3302 esse.
848 3253 889 3302 De
914 3252 973 3301 eius
994 3249 1096 3314 urigine
1114 3249 1286 3315 Aegyptiace

743 3321 795 3371 vid.
813 3321 857 3383 ll,
870 3319 912 3370 el.
945 3318 1050 3368 Verber
1069 3311 1148 3376 ἔλεξα
1162 3313 1193 3369 ol
1204 3313 1285 3398 μέχρι

744 3381 868 3452 Περσέος
885 3383 969 3436 τοῦδε
987 3383 1096 3448 εἵνεκα,
1109 3379 1172 3436 ἀλλ’
1189 3380 1241 3438 οὐκ
1255 3404 1285 3436 α.

744 3453 868 3506 sineere
878 3450 917 3506 ἔτι
929 3448 1030 3520 ἔλαβον
1039 3457 1209 3520 significent:
1220 3459 1286 3508 hunc

743 3528 774 3578 nb
795 3543 897 3577 cosmum
917 3523 1001 3590 (qnod
1021 3525 1113 3576 Persei
1131 3531 1210 3589 peter
1229 3543 1284 3578 nou

743 3596 892 3647 includitur
905 3594 955 3645 hee
976 3595 1102 3660 recensu)
1117 3597 1175 3645 dicei
1182 3614 1188 3646 :
1207 3613 1285 3662 neqrre
1309 3631 1311 3634 -

743 3668 779 3716 nd
794 3667 927 3720 I'crscnnr.
946 3681 1026 3729 neque
1047 3667 1123 3716 nitius
1143 3668 1195 3716 οιάο
1205 3682 1285 3731 penus

741 3738 835 3800 europei
856 3752 879 3786 s.
894 3736 1055 3798 repetendum
1067 3736 1139 3785 dumi.
1165 3736 1284 3787 Verbum

741 3806 829 3854 τελεῖν
841 3805 1021 3870 (nnurtmcruri,
1037 3803 1178 3868 accenseri)
1191 3807 1285 3870 attigi-

743 3891 801 3926 mus
816 3876 849 3925 nd
864 3875 900 3934 ll,
912 3873 943 3923 iri
958 3878 986 3923 et
997 3873 1049 3932 111,
1060 3875 1103 3924 34.
1115 3901 1146 3910 -
1160 3873 1230 3924 heu.
1244 3875 1283 3924 iu-

742 3944 785 3994 ire
803 3946 842 3995 Vl
853 3982 860 4008 ,
876 3943 932 3993 198.
954 3942 1080 4008 Soplrecl.
1099 3942 1195 4007 Oedip.
1216 3945 1281 4008 Tyr.

740 4015 791 4065 2⁶22
806 4009 846 4072 εἰς
858 4006 962 4068 αότοὺς
975 4009 1059 4074 celei,
1080 4012 1127 4061 ubi
1141 4012 1195 4064 vid.
1209 4013 1284 4063 Mus·

740 4099 833 4148 greve.
864 4081 947 4133 Pinre
960 4082 1086 4132 invenies
1104 4081 1133 4130 in
1146 4079 1278 4135 Theseur.

738 4153 818 4218 Ling.
837 4153 933 4203 Graec.
942 4152 1005 4202 Vll.
1015 4166 1076 4216 peg.
1089 4149 1154 4200 1985
1164 4148 1206 4200 ed.
1214 4150 1282 4199 Din-

740 4221 809 4272 deri.
831 4250 865 4258 -
882 4223 915 4271 ln
927 4221 1048 4286 proxime
1064 4234 1138 4284 seqq.
1156 4233 1204 4282 pro
1227 4209 1280 4268 οάιι

738 4287 832 4340 ἔπεστι
846 4307 929 4354 marg.
950 4289 1043 4354 Steph.
1063 4283 1115 4338 οὐκ
1134 4279 1205 4351 ἔστι,
1225 4287 1280 4338 for-

739 4366 815 4412 tusse
836 4375 869 4412 ex
884 4359 1010 4410 antnth.
1033 4358 1102 4410 been
1119 4356 1223 4408 nitente
1244 4357 1280 4409 ed

740 4431 782 4482 lli.
799 4447 825 4496 p.
837 4429 905 4494 989,
919 4429 954 4480 '20
970 4446 993 4481 s.
1007 4429 1074 4490 982,
1088 4427 1130 4478 12.
1161 4416 1281 4494 οὐδεμία

1019 4510 1083 4574 19*
