2994 4972
216 369 257 430 66

184 551 186 558 ’
217 567 291 625 νος,
306 540 339 617 ἐς
353 532 471 624 ἥντινα
485 533 549 619 γῆν
563 534 686 598 κτίσων
699 535 752 613 ίη,
772 521 850 594 οὔτε
871 518 1009 610 ποιήσας
1023 514 1125 587 οὐδὲν
1138 520 1207 586 τοῖν
1220 523 1352 604 νομιζο-

218 645 338 733 μένων.
372 633 426 707 ola
449 635 485 705 dt
506 635 634 723 βαρέως
654 631 786 718 φέρων,
801 627 891 698 disier
906 629 939 706 ἐς
953 623 1014 712 τὴν
1027 620 1160 710 Λιβύην
1180 618 1220 688 τὰ
1235 627 1352 688 πλοῖα·

218 747 418 834 κατηγέοντο
434 739 470 808 δὲ
484 743 518 806 ολ
528 735 648 825 ἄνδρες
664 741 812 821 Θηραῖοι.
840 728 1037 817 ύττικόμενος
1053 731 1073 794 d
1079 721 1087 746 '
1103 729 1136 804 ἐς
1150 731 1288 793 Κίνυπα
1302 732 1352 792 οί-

218 869 290 918 κισε
305 851 413 936 χαῖρον
427 841 602 913 κάλλιστον
616 835 829 926 τοῖνΛιβύων
844 831 934 922 παρὰ
948 827 1111 919 ποταμόν·
1132 827 1301 910 ἐξελαθείς
1315 826 1354 895 δὲ
1371 894 1374 901 ,

222 955 383 1021 ἐνθεῦτεν
397 954 496 1038 τρίτῳ
512 952 580 1016 ἔτει·
590 939 656 1012 ὑπὸ
669 942 820 1009 Μακέων
833 965 869 1007 τε
883 937 939 1006 καὶ
952 932 1092 1024 Λιβύων
1106 933 1162 1002 καὶ
1175 933 1352 1018 Καρχηδο-

174 1059 214 1121 43
224 1061 308 1124 υίων
335 1049 470 1121 ἀπίκετο
489 1051 522 1128 ἐς
543 1043 811 1132 Πελοπόννησον.
850 1038 1016 1109 Ἐνθαῦτα
1038 1040 1078 1108 de'
1094 1039 1128 1104 οί
1149 1032 1354 1122 Ἀντιχάρης,

221 1155 305 1246 ἀνὴρ
321 1152 510 1241 Ἐλεώνιος,
533 1146 776 1239 συνεβούλευσε
795 1149 832 1216 ἐκ
850 1149 918 1214 τοῖν
936 1150 1045 1213 Λαΐου
1065 1133 1352 1229 χρησμῶν,Ἡρά-

222 1372 282 1408 enm
295 1357 409 1407 recenti.
427 1351 487 1403 edd.
503 1349 611 1414 reposui
626 1344 669 1413 lp,
690 1345 761 1412 quod
810 1345 893 1409 bynm
906 1342 1042 1394 communi
1051 1339 1158 1392 nornine
1171 1336 1206 1388 ad
1216 1335 1297 1388 Atros
1311 1336 1353 1386 in-

222 1427 301 1478 offsrt
313 1425 431 1490 optimus
443 1419 699 1471 liberFlorautinus.
716 1415 758 1465 Ol.
812 1416 926 1480 digenas
951 1417 1094 1478 spectante
1113 1424 1207 1474 nsque
1229 1422 1352 1471 eompre-

220 1495 335 1547 Bredov.
350 1508 414 1557 pag.
428 1489 489 1540 408.
502 1489 562 1539 411.
586 1489 681 1551 Neque
694 1500 761 1535 sane
811 1485 979 1544 heudantur‚
999 1481 1100 1533 diversi
1122 1480 1231 1545 quidem
1251 1492 1268 1526 ο
1287 1476 1354 1526 Car-

223 1555 761 1630 opusssriberelar3coniunctivuseuirn
811 1552 1045 1619 thsginieusibus,
1075 1551 1120 1616 qui
1144 1548 1228 1599 Poeni
1254 1561 1352 1612 genere

223 1649 276 1700 quo
298 1647 381 1682 sensu
400 1629 445 1679 hia
467 1631 598 1692 ponatur,
622 1623 762 1675 declarant
812 1624 884 1674 alius
906 1637 1018 1689 prorsus
1044 1625 1108 1672 sunt
1132 1617 1245 1683 originis
1269 1621 1353 1680 atque

223 1707 293 1753 nott.
311 1701 345 1750 ad
361 1700 385 1762 Ι,
398 1698 432 1749 53
445 1697 506 1748 eall.
521 1697 569 1758 Vl,
583 1693 626 1746 35.
646 1696 761 1744 Baeum-
812 1695 915 1758 stirpis.
939 1691 1121 1742 Valckenario
1134 1689 1288 1740 Herodotus
1302 1700 1352 1750 pro

224 1772 293 1823 lein:
310 1769 417 1819 Grieah.
429 1767 501 1818 llod.
512 1782 538 1831 p.
555 1765 611 1814 182.
631 1762 762 1814 Probarit
812 1755 927 1829 Λιβύων
941 1763 1085 1826 scripsisse
1094 1753 1354 1820 videturMaglv'env

224 1855 332 1908 quoque
341 1837 373 1888 G.
384 1839 531 1890 Hermann.
545 1837 573 1884 in
584 1833 701 1898 Opuscc.
713 1833 761 1883 lv.
814 1831 859 1896 (de
878 1847 932 1897 qna
949 1841 1030 1896 gente
1049 1829 1120 1880 coni.
1141 1828 1195 1890 1v,
1213 1825 1273 1890 178)
1302 1829 1354 1875 aut

223 1927 285 1978 pag.
298 1909 341 1959 00.
813 1901 889 1952 aliud
906 1901 977 1965 qnod
994 1899 1116 1950 Africani
1133 1896 1228 1962 populi
1245 1911 1352 1947 nomeu.

259 1967 324 2028 ούτε
342 1969 464 2039 ποιήσας
479 1963 566 2023 οὐδὲν
582 1967 639 2022 τῶν
654 1967 761 2035 νομιζο-
813 1969 994 2036 Wesselingio
1016 1969 1168 2020 adsentitur
1188 1965 1352 2017 Larelrerue.

223 2044 327 2114 μένων]
354 2045 482 2111 Neglexit
501 2044 628 2092 nimirum
647 2041 691 2092 ille
708 2057 762 2090 om·
813 2039 948 2106 Equidem
964 2038 1043 2090 codd.
1066 2039 1161 2088 inritis
1175 2034 1242 2086 nilril
1257 2037 1353 2084 Ιιααια·

224 2120 271 2169 nia
285 2133 332 2180 ea,
345 2131 416 2181 quaa
428 2130 445 2164 s
460 2113 566 2164 civibus
580 2111 615 2161 ad
628 2111 764 2162 coloniam

224 2187 393 2239 condendam
405 2183 637 2249 proficiscentibus
646 2181 699 2230 rite
707 2179 764 2229 fieri

224 2257 359 2319 solebant,
370 2269 451 2305 secra
461 2253 580 2319 publiea,
590 2252 658 2300 ritus
667 2249 764 2302 solem-

224 2344 286 2389 nes,
304 2326 360 2376 elia
375 2324 403 2374 id
419 2337 520 2388 genus,
534 2321 678 2386 dequibus
692 2319 763 2370 conl.

224 2396 325 2447 Herod.
341 2396 369 2455 1,
391 2393 440 2444 146
461 2393 525 2458 ibiq.
544 2396 614 2445 nott.
637 2397 665 2441 et
682 2389 711 2438 0.
731 2389 761 2437 F.

224 2468 380 2519 Hermann:
393 2461 544 2514 Lehrbueh.
555 2467 606 2513 etc.
620 2463 645 2523 §-
659 2459 692 2510 75
704 2461 761 2506 not.

224 2535 249 2592 3.
268 2537 315 2601 qui
328 2536 411 2586 etiam
429 2533 535 2583 monuit
547 2530 580 2580 de
595 2529 714 2579 dictione
729 2522 763 2573 τὰ

814 2115 971 2161 tarsenses
989 2124 1062 2170 sum,
1081 2123 1142 2158 enm
1159 2106 1286 2156 verbere
1304 2099 1352 2152 καὶ

813 2171 928 2246 Λιβύων
942 2179 1024 2229 etiam
1033 2178 1074 2226 ita
1087 2177 1178 2241 accipi
1192 2175 1353 2254 possintgnt

814 2250 885 2300 idem
901 2248 1014 2300 valeant
1033 2252 1115 2312 atque
1134 2241 1191 2294 καλ
1210 2241 1277 2292 τῶν
1295 2242 1354 2292 αλ-

815 2319 882 2368 λων
896 2312 1024 2385 Λιβύων,
1042 2317 1086 2367 val
1102 2319 1142 2366 ita
1154 2315 1245 2380 posita
1258 2313 1353 2365 existi-

815 2393 930 2451 mentur,
938 2393 969 2438 ut
980 2403 1035 2436 non
1044 2387 1227 2450 distinguatur
1236 2383 1352 2434 altarum

813 2452 1353 2520 abaltero‚sedntalterumalterodeals-

812 2523 1354 2590 retur‚qualia,monenteSahweigh.,in-

225 2601 394 2669 νομιζόμενα
416 2601 444 2650 in
467 2602 510 2650 his
529 2598 657 2661 solemni,
681 2610 761 2660 qnam
811 2597 958 2646 veniuntur
974 2597 1001 2658 1,
1015 2597 1039 2646 2.
1054 2595 1095 2649 16.
1107 2597 1154 2656 27,
1172 2593 1248 2644 alibi.
1290 2593 1352 2643 Nie-

225 2674 338 2725 eandem
351 2673 450 2722 Noster
467 2668 591 2718 adhibuit
610 2669 638 2728 Ι,
658 2665 700 2714 40.
720 2663 762 2713 35.

225 2743 290 2800 Vll,
306 2741 362 2800 140,
373 2739 420 2788 ubi
431 2737 468 2786 cf.
481 2742 550 2786 nott.
559 2737 664 2784 -Mox
675 2725 762 2789 ἀπίει,

224 2814 255 2856 ut
268 2800 335 2868 ἐξίει
349 2809 373 2868 Ι,
386 2805 412 2867 6,
424 2806 472 2855 ubi
481 2806 613 2856 ridnott.
627 2797 700 2851 ἀνίει
711 2801 764 2859 ΙΙΙ,

227 2876 284 2939 100,
292 2876 357 2926 elia.
371 2873 585 2939 lllagisedvertit
594 2872 665 2923 celer
674 2877 763 2921 trans-

225 2947 279 2996 itus
295 2962 312 2995 a
328 2944 465 3009 praesenti
478 2934 582 3007 (οἶττίει)
595 2942 630 2991 ad
643 2945 763 3006 praeter-

224 3016 292 3064 itum
304 3009 482 3076 κατηγέοντο,
495 3025 657 3076 quemquem
671 3011 699 3060 in
708 3011 763 3060 lle-

223 3084 320 3134 rodoto
330 3083 397 3131 talia
411 3084 499 3132 minus
511 3079 645 3132 offendere
655 3080 763 3132 debent.

225 3153 286 3204 Vid.
303 3151 387 3202 allata
404 3153 438 3200 ad
452 3152 484 3212 V,
498 3151 540 3202 55.

258 3215 428 3285 κατηγέοντο
440 3214 471 3269 dl
481 3214 511 3269 οί
519 3209 620 3283 ἄνδρες
629 3217 762 3284 Θηραῖοι]

815 2664 1028 2716 buhrieauetore
1036 2665 1176 2715 Belrkerns
1187 2677 1301 2729 eumque
1313 2677 1354 2714 se-

815 2741 895 2785 cutus
904 2735 1029 2787 Dindorl,
1040 2733 1193 2785 etDietseh.
1201 2733 1354 2784 omisssvo-

814 2801 928 2854 eultaul
935 2805 1114 2870 seripserunt:
1125 2793 1182 2852 iud
1191 2801 1315 2852 Μακέων
1323 2813 1353 2850 τι

814 2869 928 2940 Λιβύων
938 2869 1208 2938 salsamentum
1220 2873 1353 2923 utllaaae

813 2944 910 3008 Libyci
921 2949 948 2996 et
954 2944 1192 3010 Carthaginienses
1200 2941 1352 3006 intelligan-

813 3018 872 3064 tur:
896 3029 1058 3080 quamquam
1081 3013 1262 3078 quaerendum
1277 3026 1353 3074 sane,

814 3099 878 3134 num
895 3085 935 3134 its
945 3099 997 3135 vox
1005 3073 1118 3150 Λιβύων
1128 3081 1191 3132 aliis
1199 3081 1353 3132 nominibus

814 3153 962 3218 gentilibus
975 3155 1034 3204 sine
1047 3153 1140 3202 addito
1152 3151 1270 3202 articulo
1284 3151 1352 3200 edii-

814 3239 875 3276 aer·e
886 3224 979 3274 liaeat.
1001 3223 1124 3284 Accedit,
1139 3221 1212 3287 qnod
1223 3236 1279 3271 una
1293 3225 1351 3270 tau·

229 3291 355 3342 Tleraeor
365 3291 438 3340 vires
449 3291 587 3341 exstitisse
596 3290 678 3340 dnaes
690 3288 763 3339 haud
814 3298 870 3344 turn
878 3295 1016 3344 ltlacsrnm
1026 3307 1092 3357 gens
1101 3292 1212 3356 cognita
1221 3295 1272 3352 est,
1282 3305 1352 3356 quse

224 3362 334 3425 mirum,
349 3362 447 3426 quippe
458 3376 570 3425 quorum
584 3361 701 3410 maxime
716 3359 763 3408 flo·
814 3369 844 3414 ut
853 3364 888 3414 eb
898 3363 961 3415 eliis
969 3363 1088 3413 eiusdem
1097 3361 1215 3411 neminis
1224 3361 1352 3426 gentibus

223 3431 480 3483 ruitaorntnernium
494 3447 554 3482 eum
567 3430 661 3480 Africa
680 3433 762 3494 atque
813 3434 990 3495 discernatur,
1000 3431 1154 3482 huiusmodi
1166 3431 1352 3481 additamento

224 3501 348 3565 inprimis
359 3516 418 3550 enm
425 3499 538 3565 Cyrene,
550 3499 764 3565 quasTlreraeo-
813 3503 885 3554 haud
906 3503 1017 3568 indiget.
1052 3502 1149 3566 ltaque
1161 3500 1301 3564 vulgatam
1315 3498 1349 3548 le.

223 3586 281 3620 rum
298 3570 350 3619 luit
362 3570 477 3620 solonis.
504 3570 546 3622 Gi.
560 3571 607 3632 ΙΙΙ,
624 3569 673 3619 156
685 3583 761 3633 seqq.
813 3575 931 3624 ationem
945 3571 1069 3623 omnibus
1087 3570 1166 3620 libris
1181 3570 1292 3635 scriptis
1309 3569 1352 3618 fir·

222 3640 263 3690 De
280 3640 483 3702 Cirtenses-IV,
499 3639 555 3689 175·
576 3638 634 3691 198.
649 3638 763 3688 -Cum
813 3639 1185 3694 maturaretineudamduxi.
1217 3640 1350 3690 Currere

222 3714 337 3758 reoemt·
353 3709 413 3760 edd.
433 3709 543 3774 reposui
558 3700 699 3766 ἐξελαθεὶς
714 3723 762 3772 pro
813 3713 963 3778 Spartanos
973 3713 1032 3762 Afri
1043 3709 1205 3774 expulerint,
1220 3709 1247 3758 id
1262 3708 1350 3773 assy-

223 3767 399 3859 ίξελασθείς,
412 3779 445 3827 de
459 3794 511 3843 quo
524 3777 633 3840 saepius
648 3779 674 3826 iu
689 3778 762 3842 prio·
812 3782 870 3833 lace
884 3799 909 3847 p.
927 3783 976 3833 112
998 3781 1033 3847 [ξ.
1051 3779 1109 3832 108.
1125 3795 1150 3844 p.
1165 3781 1198 3830 47
1211 3775 1348 3842 Hudson.]

222 3847 296 3896 ribus
321 3847 453 3896 monitum
473 3851 523 3916 ast.
559 3846 620 3898 Vid.
644 3847 761 3898 Bredor.
812 3857 938 3902 monente
951 3851 1133 3904 Valckenario
1152 3849 1297 3902 aestimare
1319 3847 1350 3896 li-

224 3931 286 3980 peg.
302 3915 360 3992 342.
812 3922 894 3973 sebit.

257 3980 314 4034 ύιτο
328 3976 454 4034 Μακέων
472 3997 501 4031 τε
520 3979 568 4032 καί
584 3975 697 4049 Λιβύων
713 3980 761 4032 καλ

223 4049 442 4118 Καρχηδονίων]
460 4053 583 4103 Haerent
594 4053 622 4101 in
633 4052 762 4104 hisWes-
988 4091 1008 4140 c
1056 4057 1058 4064 ’

223 4124 352 4190 seliugine
375 4127 460 4188 atque
473 4121 622 4179 vileken..
648 4137 760 4187 quorum
1010 4105 1052 4144 ΑΡ·
1067 4091 1170 4146 XLIII·

224 4191 269 4244 ills
283 4193 430 4258 particulas
445 4205 475 4240 τε
491 4186 539 4240 καλ
554 4193 681 4242 inductas
692 4193 760 4256 vult,
845 4185 919 4260 ἀνὴρ
929 4181 1083 4262 Ἐλεώνιος]
1111 4187 1251 4260 „Elatiae
1267 4196 1348 4258 podta

223 4277 283 4312 curn
298 4264 411 4326 Macae,
431 4261 464 4312 de
487 4261 584 4327 quibus
597 4263 697 4312 Noster
712 4263 759 4325 IV,
811 4269 943 4316 memoret
963 4263 1041 4314 lliad.
1061 4266 1102 4326 11,
1125 4265 1176 4316 500
1201 4269 1228 4315 et
1249 4263 1348 4313 Strabo

225 4331 287 4392 175,
308 4336 335 4382 et
351 4333 405 4396 ipsi
421 4332 477 4382 sint
490 4332 592 4396 Libyes
609 4347 659 4382 nee
674 4333 708 4382 ab
728 4333 761 4381 iis
811 4350 894 4399 prope
906 4335 1063 4399 Tanagram
1077 4335 1123 4386 1x.
1149 4351 1174 4400 p.
1188 4335 1238 4386 622
1250 4349 1271 4382 s.
1286 4329 1345 4382 405.

222 4400 276 4452 ullo
289 4401 367 4451 modo
381 4402 513 4467 distingui
525 4402 641 4466 possint,
657 4403 703 4453 sed
717 4403 761 4451 Li·
809 4404 882 4455 Hine
902 4397 1049 4462 Ἐλεώνιος
1072 4405 1144 4471 apud
1168 4403 1348 4466 Ethninogra·

374 4613 415 4623 ,-
