<?xml version="1.0" encoding="UTF-8"?>
<!DOCTYPE html PUBLIC "-//W3C//DTD XHTML 1.0 Transitional//EN"
    "http://www.w3.org/TR/xhtml1/DTD/xhtml1-transitional.dtd">
<html xmlns="http://www.w3.org/1999/xhtml" xml:lang="en" lang="en">
 <head>
  <title>
</title>
<meta http-equiv="Content-Type" content="text/html;charset=utf-8" />
  <meta name='ocr-system' content='tesseract 3.04.00' />
  <meta name='ocr-capabilities' content='ocr_page ocr_carea ocr_par ocr_line ocrx_word'/>
</head>
<body>
  <div class='ocr_page' id='page_1' title='image "./herodotihalicar01bhgoog_0459.png"; bbox 0 0 3062 4986; ppageno 0'>
   <div class='ocr_carea' id='block_1_1' title="bbox 180 366 877 436">
    <p class='ocr_par' dir='ltr' id='par_1_1' title="bbox 180 366 877 436">
     <span class='ocr_line' id='line_1_1' title="bbox 180 366 877 436; baseline 0.01 -7"><span class='ocrx_word' id='word_1_1' title='bbox 180 366 243 430; x_wconf 76' lang='grc'>442</span> <span class='ocrx_word' id='word_1_2' title='bbox 531 421 537 434; x_wconf 92' lang='grc'>.</span> <span class='ocrx_word' id='word_1_3' title='bbox 614 368 877 436; x_wconf 85' lang='lat' dir='ltr'><strong>HERODOTI</strong></span> 
     </span>
    </p>
   </div>
   <div class='ocr_carea' id='block_1_2' title="bbox 179 542 1314 1051">
    <p class='ocr_par' dir='ltr' id='par_1_2' title="bbox 179 542 1314 1051">
     <span class='ocr_line' id='line_1_2' title="bbox 180 542 1314 636; baseline 0.003 -21"><span class='ocrx_word' id='word_1_4' title='bbox 180 543 244 633; x_wconf 83' lang='grc' dir='ltr'>γάρ</span> <span class='ocrx_word' id='word_1_5' title='bbox 259 543 319 634; x_wconf 79' lang='grc' dir='ltr'>τὴν</span> <span class='ocrx_word' id='word_1_6' title='bbox 333 549 461 636; x_wconf 82' lang='grc' dir='ltr'><strong><em>ἔχθρην</em></strong></span> <span class='ocrx_word' id='word_1_7' title='bbox 477 542 823 632; x_wconf 78' lang='grc' dir='ltr'><strong><em>προκαταλυσάμενοι·</em></strong></span> <span class='ocrx_word' id='word_1_8' title='bbox 852 545 998 636; x_wconf 79' lang='grc' dir='ltr'><strong><em>ἐξηλάθη</em></strong></span> <span class='ocrx_word' id='word_1_9' title='bbox 1012 545 1076 636; x_wconf 85' lang='grc' dir='ltr'>γάρ</span> <span class='ocrx_word' id='word_1_10' title='bbox 1099 544 1165 618; x_wconf 81' lang='grc' dir='ltr'><strong><em>ὑπὸ</em></strong></span> <span class='ocrx_word' id='word_1_11' title='bbox 1182 545 1314 635; x_wconf 82' lang='grc' dir='ltr'><strong><em>Ἱππάρ-</em></strong></span> 
     </span>
     <span class='ocr_line' id='line_1_3' title="bbox 179 643 1312 740; baseline 0.002 -20"><span class='ocrx_word' id='word_1_12' title='bbox 179 677 241 737; x_wconf 80' lang='grc' dir='ltr'>χου</span> <span class='ocrx_word' id='word_1_13' title='bbox 262 655 321 719; x_wconf 84' lang='grc' dir='ltr'>τοῦ</span> <span class='ocrx_word' id='word_1_14' title='bbox 337 649 579 735; x_wconf 86' lang='grc' dir='ltr'><strong><em>Πεισιστράτου</em></strong></span> <span class='ocrx_word' id='word_1_15' title='bbox 598 643 616 718; x_wconf 81' lang='grc' dir='ltr'>ὁ</span> <span class='ocrx_word' id='word_1_16' title='bbox 640 645 873 737; x_wconf 84' lang='grc' dir='ltr'><strong><em>Ὀνομάκριτος</em></strong></span> <span class='ocrx_word' id='word_1_17' title='bbox 895 653 927 733; x_wconf 79' lang='grc' dir='ltr'>ἐξ</span> <span class='ocrx_word' id='word_1_18' title='bbox 950 648 1140 740; x_wconf 79' lang='grc' dir='ltr'>Ἀθηνέων,</span> <span class='ocrx_word' id='word_1_19' title='bbox 1172 650 1226 722; x_wconf 77' lang='grc' dir='ltr'><strong><em>ἐπ’</em></strong></span> <span class='ocrx_word' id='word_1_20' title='bbox 1251 651 1312 722; x_wconf 81' lang='grc' dir='ltr'>αὐ-</span> 
     </span>
     <span class='ocr_line' id='line_1_4' title="bbox 180 747 1312 845; baseline 0.004 -24"><span class='ocrx_word' id='word_1_21' title='bbox 180 753 322 845; x_wconf 78' lang='grc' dir='ltr'><strong><em>τοφοίρςο</em></strong></span> <span class='ocrx_word' id='word_1_22' title='bbox 337 749 439 831; x_wconf 84' lang='grc' dir='ltr'><strong><em>άλοιίς</em></strong></span> <span class='ocrx_word' id='word_1_23' title='bbox 453 747 520 821; x_wconf 82' lang='grc' dir='ltr'><strong><em>ὑπὸ</em></strong></span> <span class='ocrx_word' id='word_1_24' title='bbox 535 751 649 820; x_wconf 89' lang='grc' dir='ltr'><strong><em>Λάσου</em></strong></span> <span class='ocrx_word' id='word_1_25' title='bbox 663 757 722 820; x_wconf 83' lang='grc' dir='ltr'>τοῦ</span> <span class='ocrx_word' id='word_1_26' title='bbox 739 747 926 840; x_wconf 75' lang='grc' dir='ltr'><strong><em>Ἑρμιονέος</em></strong></span> <span class='ocrx_word' id='word_1_27' title='bbox 941 756 1105 842; x_wconf 77' lang='grc' dir='ltr'><strong><em>ἐμποιέων</em></strong></span> <span class='ocrx_word' id='word_1_28' title='bbox 1118 759 1151 835; x_wconf 80' lang='grc' dir='ltr'>ἐς</span> <span class='ocrx_word' id='word_1_29' title='bbox 1166 755 1204 822; x_wconf 83' lang='grc' dir='ltr'>τά</span> <span class='ocrx_word' id='word_1_30' title='bbox 1215 763 1312 825; x_wconf 91' lang='grc' dir='ltr'><strong><em>Μου-</em></strong></span> 
     </span>
     <span class='ocr_line' id='line_1_5' title="bbox 180 851 1314 948; baseline 0.004 -24"><span class='ocrx_word' id='word_1_31' title='bbox 180 864 279 926; x_wconf 81' lang='grc' dir='ltr'><strong><em>σαίου</em></strong></span> <span class='ocrx_word' id='word_1_32' title='bbox 296 854 462 944; x_wconf 86' lang='grc' dir='ltr'><strong><em>χρησμὸν,</em></strong></span> <span class='ocrx_word' id='word_1_33' title='bbox 492 851 536 934; x_wconf 75' lang='grc' dir='ltr'>τίς</span> <span class='ocrx_word' id='word_1_34' title='bbox 556 859 593 924; x_wconf 79' lang='grc' dir='ltr'><strong><em>αλ</em></strong></span> <span class='ocrx_word' id='word_1_35' title='bbox 611 857 665 924; x_wconf 80' lang='grc' dir='ltr'><strong><em>ἐπί</em></strong></span> <span class='ocrx_word' id='word_1_36' title='bbox 686 855 825 944; x_wconf 83' lang='grc' dir='ltr'><strong><em>Λήμνου</em></strong></span> <span class='ocrx_word' id='word_1_37' title='bbox 845 859 1051 946; x_wconf 81' lang='grc' dir='ltr'><strong><em>ἐπικείμεναι</em></strong></span> <span class='ocrx_word' id='word_1_38' title='bbox 1075 864 1170 948; x_wconf 77' lang='grc' dir='ltr'><strong><em>νῆσοι</em></strong></span> <span class='ocrx_word' id='word_1_39' title='bbox 1192 855 1314 946; x_wconf 75' lang='grc' dir='ltr'><strong><em>ἄφαντ-</em></strong></span> 
     </span>
     <span class='ocr_line' id='line_1_6' title="bbox 180 957 1313 1051; baseline 0.003 -22"><span class='ocrx_word' id='word_1_40' title='bbox 180 967 288 1043; x_wconf 63' lang='lat' dir='ltr'>rotato</span> <span class='ocrx_word' id='word_1_41' title='bbox 303 957 385 1029; x_wconf 84' lang='grc' dir='ltr'><strong><em>κατά</em></strong></span> <span class='ocrx_word' id='word_1_42' title='bbox 399 965 456 1048; x_wconf 76' lang='grc' dir='ltr'>τῆς</span> <span class='ocrx_word' id='word_1_43' title='bbox 470 961 651 1047; x_wconf 79' lang='grc' dir='ltr'><em>θαλάσσης.</em></span> <span class='ocrx_word' id='word_1_44' title='bbox 689 958 741 1028; x_wconf 78' lang='grc' dir='ltr'>διὸ</span> <span class='ocrx_word' id='word_1_45' title='bbox 756 960 893 1049; x_wconf 74' lang='grc' dir='ltr'><strong><em>ἐξήλασέ</em></strong></span> <span class='ocrx_word' id='word_1_46' title='bbox 908 989 967 1050; x_wconf 90' lang='grc' dir='ltr'>μιν</span> <span class='ocrx_word' id='word_1_47' title='bbox 981 959 1205 1050; x_wconf 78' lang='grc' dir='ltr'><strong><em>ὁἻππαρχος,</em></strong></span> <span class='ocrx_word' id='word_1_48' title='bbox 1231 963 1313 1051; x_wconf 83' lang='grc' dir='ltr'><strong><em>πρό·</em></strong></span> 
     </span>
    </p>
   </div>
   <div class='ocr_carea' id='block_1_3' title="bbox 169 1149 1333 4494">
    <p class='ocr_par' dir='ltr' id='par_1_3' title="bbox 169 1149 1333 4494">
     <span class='ocr_line' id='line_1_7' title="bbox 180 1149 1313 1224; baseline 0.001 -13"><span class='ocrx_word' id='word_1_49' title='bbox 180 1163 263 1224; x_wconf 83' lang='lat' dir='ltr'>vlu,</span> <span class='ocrx_word' id='word_1_50' title='bbox 281 1163 323 1215; x_wconf 88' lang='grc'>31.</span> <span class='ocrx_word' id='word_1_51' title='bbox 343 1165 367 1224; x_wconf 68' lang='grc' dir='ltr'>ξ.</span> <span class='ocrx_word' id='word_1_52' title='bbox 388 1163 411 1213; x_wconf 91' lang='lat' dir='ltr'>l.</span> <span class='ocrx_word' id='word_1_53' title='bbox 437 1149 642 1224; x_wconf 72' lang='grc' dir='ltr'><strong><em>Ὀνομακρίτου</em></strong></span> <span class='ocrx_word' id='word_1_54' title='bbox 668 1153 721 1224; x_wconf 80' lang='grc' dir='ltr'><strong><em>ἔπη</em></strong></span> <span class='ocrx_word' id='word_1_55' title='bbox 773 1176 799 1209; x_wconf 86' lang='lat' dir='ltr'>v.</span> <span class='ocrx_word' id='word_1_56' title='bbox 815 1165 842 1212; x_wconf 91' lang='lat' dir='ltr'>et</span> <span class='ocrx_word' id='word_1_57' title='bbox 856 1178 878 1212; x_wconf 88' lang='lat' dir='ltr'>s.</span> <span class='ocrx_word' id='word_1_58' title='bbox 894 1178 920 1214; x_wconf 85' lang='lat' dir='ltr'>v.</span> <span class='ocrx_word' id='word_1_59' title='bbox 936 1155 1206 1220; x_wconf 83' lang='grc' dir='ltr'><strong><em>κοκλιοθιδάσκαλος</em></strong></span> <span class='ocrx_word' id='word_1_60' title='bbox 1225 1163 1258 1216; x_wconf 89' lang='grc' dir='ltr'>Τ.</span> <span class='ocrx_word' id='word_1_61' title='bbox 1275 1164 1313 1214; x_wconf 86' lang='lat'>11.</span> 
     </span>
     <span class='ocr_line' id='line_1_8' title="bbox 180 1231 1313 1298; baseline 0 -16"><span class='ocrx_word' id='word_1_62' title='bbox 180 1233 254 1282; x_wconf 82' lang='lat' dir='ltr'>nulio</span> <span class='ocrx_word' id='word_1_63' title='bbox 268 1231 360 1280; x_wconf 76' lang='lat' dir='ltr'>addito</span> <span class='ocrx_word' id='word_1_64' title='bbox 375 1231 485 1290; x_wconf 87' lang='lat' dir='ltr'>indicio,</span> <span class='ocrx_word' id='word_1_65' title='bbox 500 1247 550 1294; x_wconf 86' lang='lat' dir='ltr'>quo</span> <span class='ocrx_word' id='word_1_66' title='bbox 566 1246 598 1280; x_wconf 80' lang='lat' dir='ltr'>es</span> <span class='ocrx_word' id='word_1_67' title='bbox 609 1232 721 1280; x_wconf 74' lang='lat' dir='ltr'>Musaeo</span> <span class='ocrx_word' id='word_1_68' title='bbox 773 1245 835 1295; x_wconf 75' lang='lat' dir='ltr'><strong>pag.</strong></span> <span class='ocrx_word' id='word_1_69' title='bbox 849 1232 896 1282; x_wconf 75' lang='lat'>:391</span> <span class='ocrx_word' id='word_1_70' title='bbox 916 1237 943 1282; x_wconf 85' lang='lat' dir='ltr'>et</span> <span class='ocrx_word' id='word_1_71' title='bbox 962 1235 1023 1286; x_wconf 81' lang='grc'><strong>417.</strong></span> <span class='ocrx_word' id='word_1_72' title='bbox 1043 1234 1160 1298; x_wconf 80' lang='lat' dir='ltr'><strong>Diogen.</strong></span> <span class='ocrx_word' id='word_1_73' title='bbox 1178 1233 1271 1282; x_wconf 81' lang='lat' dir='ltr'>Luiirt.</span> <span class='ocrx_word' id='word_1_74' title='bbox 1290 1233 1313 1294; x_wconf 89' lang='grc' dir='ltr'>Ι,</span> 
     </span>
     <span class='ocr_line' id='line_1_9' title="bbox 180 1300 1314 1367; baseline 0.002 -17"><span class='ocrx_word' id='word_1_75' title='bbox 180 1307 229 1352; x_wconf 80' lang='lat' dir='ltr'>sut</span> <span class='ocrx_word' id='word_1_76' title='bbox 243 1301 350 1366; x_wconf 79' lang='lat' dir='ltr'>Orpheo</span> <span class='ocrx_word' id='word_1_77' title='bbox 366 1302 497 1364; x_wconf 77' lang='lat' dir='ltr'>inscripta</span> <span class='ocrx_word' id='word_1_78' title='bbox 518 1300 602 1349; x_wconf 78' lang='lat' dir='ltr'>fuisse</span> <span class='ocrx_word' id='word_1_79' title='bbox 617 1305 721 1364; x_wconf 74' lang='lat' dir='ltr'>putent.</span> <span class='ocrx_word' id='word_1_80' title='bbox 773 1303 805 1350; x_wconf 73' lang='lat'>42</span> <span class='ocrx_word' id='word_1_81' title='bbox 831 1301 922 1364; x_wconf 80' lang='lat' dir='ltr'>ibique</span> <span class='ocrx_word' id='word_1_82' title='bbox 945 1303 1051 1367; x_wconf 75' lang='lat' dir='ltr'>Meuag.</span> <span class='ocrx_word' id='word_1_83' title='bbox 1084 1303 1120 1352; x_wconf 84' lang='lat' dir='ltr'>Et</span> <span class='ocrx_word' id='word_1_84' title='bbox 1139 1301 1233 1352; x_wconf 79' lang='lat' dir='ltr'>confer</span> <span class='ocrx_word' id='word_1_85' title='bbox 1260 1303 1314 1352; x_wconf 74' lang='grc' dir='ltr'>Ρα-</span> 
     </span>
     <span class='ocr_line' id='line_1_10' title="bbox 180 1369 1312 1436; baseline 0 -16"><span class='ocrx_word' id='word_1_86' title='bbox 180 1372 221 1420; x_wconf 85' lang='lat' dir='ltr'>De</span> <span class='ocrx_word' id='word_1_87' title='bbox 240 1371 415 1422; x_wconf 76' lang='lat' dir='ltr'>Onomserito</span> <span class='ocrx_word' id='word_1_88' title='bbox 436 1371 639 1420; x_wconf 82' lang='lat' dir='ltr'>Homerioorum</span> <span class='ocrx_word' id='word_1_89' title='bbox 661 1385 721 1419; x_wconf 83' lang='lat' dir='ltr'>osr—</span> <span class='ocrx_word' id='word_1_90' title='bbox 773 1369 837 1419; x_wconf 84' lang='lat' dir='ltr'>brie.</span> <span class='ocrx_word' id='word_1_91' title='bbox 856 1371 926 1420; x_wconf 85' lang='lat' dir='ltr'>Ribl.</span> <span class='ocrx_word' id='word_1_92' title='bbox 942 1371 1038 1422; x_wconf 68' lang='grc' dir='ltr'><strong><em>λίσσεο.</em></strong></span> <span class='ocrx_word' id='word_1_93' title='bbox 1052 1372 1087 1422; x_wconf 93' lang='lat'>11.</span> <span class='ocrx_word' id='word_1_94' title='bbox 1104 1388 1164 1436; x_wconf 76' lang='lat' dir='ltr'>pag.</span> <span class='ocrx_word' id='word_1_95' title='bbox 1176 1371 1234 1422; x_wconf 83' lang='lat'>128.</span> <span class='ocrx_word' id='word_1_96' title='bbox 1255 1372 1312 1420; x_wconf 86' lang='lat' dir='ltr'>Cir-</span> 
     </span>
     <span class='ocr_line' id='line_1_11' title="bbox 180 1437 1314 1505; baseline 0.002 -17"><span class='ocrx_word' id='word_1_97' title='bbox 180 1441 281 1491; x_wconf 90' lang='lat' dir='ltr'>minum</span> <span class='ocrx_word' id='word_1_98' title='bbox 293 1439 487 1504; x_wconf 77' lang='lat' dir='ltr'>interpolatore</span> <span class='ocrx_word' id='word_1_99' title='bbox 502 1455 585 1503; x_wconf 82' lang='lat' dir='ltr'>suprs</span> <span class='ocrx_word' id='word_1_100' title='bbox 598 1440 650 1488; x_wconf 84' lang='lat' dir='ltr'>ism</span> <span class='ocrx_word' id='word_1_101' title='bbox 668 1456 722 1488; x_wconf 90' lang='lat' dir='ltr'>mo·</span> <span class='ocrx_word' id='word_1_102' title='bbox 772 1455 805 1488; x_wconf 79' lang='grc' dir='ltr'><strong><em>σει</em></strong></span> <span class='ocrx_word' id='word_1_103' title='bbox 817 1437 1005 1505; x_wconf 75' lang='lat' dir='ltr'>Olympiadem</span> <span class='ocrx_word' id='word_1_104' title='bbox 1013 1441 1130 1492; x_wconf 82' lang='lat' dir='ltr'>LXVIII</span> <span class='ocrx_word' id='word_1_105' title='bbox 1142 1441 1314 1492; x_wconf 63' lang='lat' dir='ltr'>floruissedi-</span> 
     </span>
     <span class='ocr_line' id='line_1_12' title="bbox 180 1507 1313 1575; baseline -0.001 -16"><span class='ocrx_word' id='word_1_106' title='bbox 180 1511 300 1560; x_wconf 84' lang='lat' dir='ltr'>nuimus:</span> <span class='ocrx_word' id='word_1_107' title='bbox 316 1509 414 1574; x_wconf 85' lang='lat' dir='ltr'>Odyss.</span> <span class='ocrx_word' id='word_1_108' title='bbox 430 1511 479 1559; x_wconf 86' lang='lat' dir='ltr'>XI.</span> <span class='ocrx_word' id='word_1_109' title='bbox 500 1525 607 1559; x_wconf 85' lang='lat' dir='ltr'>versum</span> <span class='ocrx_word' id='word_1_110' title='bbox 622 1507 672 1559; x_wconf 71' lang='lat'>003</span> <span class='ocrx_word' id='word_1_111' title='bbox 685 1509 720 1558; x_wconf 77' lang='lat' dir='ltr'>nb</span> <span class='ocrx_word' id='word_1_112' title='bbox 771 1509 844 1558; x_wconf 82' lang='lat' dir='ltr'>nitur</span> <span class='ocrx_word' id='word_1_113' title='bbox 853 1510 968 1575; x_wconf 89' lang='lat' dir='ltr'>indeque</span> <span class='ocrx_word' id='word_1_114' title='bbox 977 1513 1072 1561; x_wconf 87' lang='lat' dir='ltr'>merito</span> <span class='ocrx_word' id='word_1_115' title='bbox 1080 1511 1313 1575; x_wconf 77' lang='lat' dir='ltr'>DeriiHystaspis</span> 
     </span>
     <span class='ocr_line' id='line_1_13' title="bbox 180 1577 1313 1644; baseline 0.001 -15"><span class='ocrx_word' id='word_1_116' title='bbox 180 1579 367 1629; x_wconf 87' lang='lat' dir='ltr'>eooontietum</span> <span class='ocrx_word' id='word_1_117' title='bbox 388 1594 448 1629; x_wconf 87' lang='lat' dir='ltr'>esse</span> <span class='ocrx_word' id='word_1_118' title='bbox 466 1579 578 1627; x_wconf 75' lang='lat' dir='ltr'>trudunt</span> <span class='ocrx_word' id='word_1_119' title='bbox 598 1577 718 1631; x_wconf 82' lang='lat' dir='ltr'><strong>Scholia.</strong></span> <span class='ocrx_word' id='word_1_120' title='bbox 771 1578 887 1628; x_wconf 77' lang='lat' dir='ltr'>hebetur</span> <span class='ocrx_word' id='word_1_121' title='bbox 902 1581 1032 1644; x_wconf 84' lang='lat' dir='ltr'>seqnslis.</span> <span class='ocrx_word' id='word_1_122' title='bbox 1058 1579 1125 1630; x_wconf 85' lang='lat' dir='ltr'>Inde</span> <span class='ocrx_word' id='word_1_123' title='bbox 1136 1579 1247 1630; x_wconf 81' lang='lat' dir='ltr'>Schultz</span> <span class='ocrx_word' id='word_1_124' title='bbox 1258 1581 1313 1643; x_wconf 82' lang='grc' dir='ltr'>Δμ-</span> 
     </span>
     <span class='ocr_line' id='line_1_14' title="bbox 214 1641 1312 1714; baseline 0.004 -18"><span class='ocrx_word' id='word_1_125' title='bbox 214 1641 266 1712; x_wconf 85' lang='grc' dir='ltr'>τήν</span> <span class='ocrx_word' id='word_1_126' title='bbox 291 1644 399 1710; x_wconf 77' lang='grc' dir='ltr'><strong><em>ἔχθρην</em></strong></span> <span class='ocrx_word' id='word_1_127' title='bbox 424 1641 716 1712; x_wconf 73' lang='grc' dir='ltr'><strong><em>προκαταλυσάμενοι]</em></strong></span> <span class='ocrx_word' id='word_1_128' title='bbox 771 1653 860 1711; x_wconf 79' lang='lat' dir='ltr'>purat.</span> <span class='ocrx_word' id='word_1_129' title='bbox 875 1650 1088 1714; x_wconf 82' lang='lat' dir='ltr'>oritio.Specim.</span> <span class='ocrx_word' id='word_1_130' title='bbox 1102 1649 1139 1699; x_wconf 93' lang='lat'>11.</span> <span class='ocrx_word' id='word_1_131' title='bbox 1158 1651 1312 1713; x_wconf 46' lang='lat' dir='ltr'>pr22seqq.</span> 
     </span>
     <span class='ocr_line' id='line_1_15' title="bbox 178 1717 1311 1770; baseline 0 -4"><span class='ocrx_word' id='word_1_132' title='bbox 178 1718 196 1767; x_wconf 87' lang='lat' dir='ltr'>i.</span> <span class='ocrx_word' id='word_1_133' title='bbox 213 1733 236 1767; x_wconf 82' lang='lat' dir='ltr'>e.</span> <span class='ocrx_word' id='word_1_134' title='bbox 259 1719 391 1769; x_wconf 80' lang='lat' dir='ltr'>inimicitiis·</span> <span class='ocrx_word' id='word_1_135' title='bbox 405 1727 464 1768; x_wconf 78' lang='lat' dir='ltr'>onte</span> <span class='ocrx_word' id='word_1_136' title='bbox 478 1719 574 1769; x_wconf 77' lang='lat' dir='ltr'>solertis.</span> <span class='ocrx_word' id='word_1_137' title='bbox 607 1717 678 1768; x_wconf 82' lang='lat' dir='ltr'>Mete</span> <span class='ocrx_word' id='word_1_138' title='bbox 692 1719 719 1767; x_wconf 87' lang='lat' dir='ltr'>iu</span> <span class='ocrx_word' id='word_1_139' title='bbox 770 1732 871 1766; x_wconf 77' lang='lat' dir='ltr'>armum</span> <span class='ocrx_word' id='word_1_140' title='bbox 886 1719 953 1768; x_wconf 83' lang='lat' dir='ltr'>Lusi</span> <span class='ocrx_word' id='word_1_141' title='bbox 972 1719 1090 1770; x_wconf 78' lang='lat' dir='ltr'>nstnlem</span> <span class='ocrx_word' id='word_1_142' title='bbox 1106 1720 1237 1769; x_wconf 82' lang='lat' dir='ltr'>constitui</span> <span class='ocrx_word' id='word_1_143' title='bbox 1251 1718 1311 1768; x_wconf 83' lang='lat' dir='ltr'>vult</span> 
     </span>
     <span class='ocr_line' id='line_1_16' title="bbox 179 1780 1311 1852; baseline -0.002 -14"><span class='ocrx_word' id='word_1_144' title='bbox 179 1788 340 1852; x_wconf 79' lang='lat' dir='ltr'>quibusdem</span> <span class='ocrx_word' id='word_1_145' title='bbox 368 1789 445 1837; x_wconf 82' lang='lat' dir='ltr'>codd.</span> <span class='ocrx_word' id='word_1_146' title='bbox 476 1780 720 1848; x_wconf 80' lang='grc' dir='ltr'><strong><em>προκαταλυσάμε-</em></strong></span> <span class='ocrx_word' id='word_1_147' title='bbox 769 1787 820 1837; x_wconf 80' lang='grc'>548</span> <span class='ocrx_word' id='word_1_148' title='bbox 839 1794 903 1838; x_wconf 81' lang='lat' dir='ltr'>ente</span> <span class='ocrx_word' id='word_1_149' title='bbox 923 1789 1022 1841; x_wconf 64' lang='lat' dir='ltr'>Chen.</span> <span class='ocrx_word' id='word_1_150' title='bbox 1052 1789 1131 1850; x_wconf 84' lang='lat' dir='ltr'>Quod</span> <span class='ocrx_word' id='word_1_151' title='bbox 1152 1789 1177 1842; x_wconf 82' lang='lat' dir='ltr'>h.</span> <span class='ocrx_word' id='word_1_152' title='bbox 1200 1789 1217 1838; x_wconf 86' lang='grc' dir='ltr'>ί.</span> <span class='ocrx_word' id='word_1_153' title='bbox 1237 1787 1311 1837; x_wconf 90' lang='lat' dir='ltr'>Ono-</span> 
     </span>
     <span class='ocr_line' id='line_1_17' title="bbox 180 1848 1310 1920; baseline 0.001 -15"><span class='ocrx_word' id='word_1_154' title='bbox 180 1871 234 1910; x_wconf 87' lang='grc' dir='ltr'><strong><em>νοι.</em></strong></span> <span class='ocrx_word' id='word_1_155' title='bbox 270 1857 503 1918; x_wconf 74' lang='lat' dir='ltr'>lofravll,1ru</span> <span class='ocrx_word' id='word_1_156' title='bbox 526 1848 717 1906; x_wconf 72' lang='grc' dir='ltr'><strong><em>καταλύεσθαι</em></strong></span> <span class='ocrx_word' id='word_1_157' title='bbox 770 1857 877 1906; x_wconf 75' lang='lat' dir='ltr'>mauriti</span> <span class='ocrx_word' id='word_1_158' title='bbox 905 1858 1014 1908; x_wconf 76' lang='lat' dir='ltr'>fraudes</span> <span class='ocrx_word' id='word_1_159' title='bbox 1039 1858 1173 1909; x_wconf 80' lang='lat' dir='ltr'>detexisse</span> <span class='ocrx_word' id='word_1_160' title='bbox 1200 1858 1310 1920; x_wconf 85' lang='lat' dir='ltr'>dicitur,</span> 
     </span>
     <span class='ocr_line' id='line_1_18' title="bbox 178 1925 1310 1992; baseline -0.002 -16"><span class='ocrx_word' id='word_1_161' title='bbox 178 1926 486 1990; x_wconf 75' lang='lat' dir='ltr'>ooll.v111‚1w.1x,</span> <span class='ocrx_word' id='word_1_162' title='bbox 511 1927 549 1977; x_wconf 88' lang='lat' dir='ltr'>tl.</span> <span class='ocrx_word' id='word_1_163' title='bbox 580 1926 633 1976; x_wconf 89' lang='lat' dir='ltr'>Ubi</span> <span class='ocrx_word' id='word_1_164' title='bbox 650 1927 719 1978; x_wconf 77' lang='lat' dir='ltr'>setis</span> <span class='ocrx_word' id='word_1_165' title='bbox 769 1925 1310 1992; x_wconf 80' lang='lat' dir='ltr'>idnntsann.515‚quoHippsrchusin·</span> 
     </span>
     <span class='ocr_line' id='line_1_19' title="bbox 178 1997 1307 2062; baseline -0.004 -16"><span class='ocrx_word' id='word_1_166' title='bbox 178 2001 256 2062; x_wconf 77' lang='lat' dir='ltr'>potet</span> <span class='ocrx_word' id='word_1_167' title='bbox 276 1998 357 2048; x_wconf 87' lang='lat' dir='ltr'>medii</span> <span class='ocrx_word' id='word_1_168' title='bbox 377 1997 452 2046; x_wconf 84' lang='lat' dir='ltr'>verbi</span> <span class='ocrx_word' id='word_1_169' title='bbox 470 1997 510 2047; x_wconf 87' lang='lat' dir='ltr'>vis</span> <span class='ocrx_word' id='word_1_170' title='bbox 532 2013 565 2046; x_wconf 81' lang='lat' dir='ltr'>no</span> <span class='ocrx_word' id='word_1_171' title='bbox 585 2001 718 2060; x_wconf 79' lang='lat' dir='ltr'>potestas.</span> <span class='ocrx_word' id='word_1_172' title='bbox 770 1999 978 2061; x_wconf 79' lang='lat' dir='ltr'>teremptusest‚</span> <span class='ocrx_word' id='word_1_173' title='bbox 993 1997 1307 2048; x_wconf 79' lang='lat' dir='ltr'>eccidissenecesseest.</span> 
     </span>
     <span class='ocr_line' id='line_1_20' title="bbox 179 2059 1333 2130; baseline 0 -16"><span class='ocrx_word' id='word_1_174' title='bbox 179 2063 332 2115; x_wconf 80' lang='grc' dir='ltr'><strong><em>καταλῦσαι</em></strong></span> <span class='ocrx_word' id='word_1_175' title='bbox 346 2059 559 2129; x_wconf 69' lang='grc' dir='ltr'><strong><em>τούςπολλμους</em></strong></span> <span class='ocrx_word' id='word_1_176' title='bbox 574 2067 643 2116; x_wconf 80' lang='lat' dir='ltr'><strong>dixit</strong></span> <span class='ocrx_word' id='word_1_177' title='bbox 656 2065 718 2116; x_wconf 87' lang='lat' dir='ltr'>Plu-</span> <span class='ocrx_word' id='word_1_178' title='bbox 768 2066 942 2118; x_wconf 73' lang='lat' dir='ltr'>Aeourutede</span> <span class='ocrx_word' id='word_1_179' title='bbox 953 2067 1024 2117; x_wconf 78' lang='lat' dir='ltr'>Laso</span> <span class='ocrx_word' id='word_1_180' title='bbox 1038 2065 1309 2130; x_wconf 82' lang='lat' dir='ltr'>disputavitSchnei-</span> <span class='ocrx_word' id='word_1_181' title='bbox 1327 2077 1333 2088; x_wconf 96' lang='grc'>·</span> 
     </span>
     <span class='ocr_line' id='line_1_21' title="bbox 176 2134 1309 2190; baseline -0.002 -4"><span class='ocrx_word' id='word_1_182' title='bbox 176 2135 287 2186; x_wconf 85' lang='lat' dir='ltr'>tsrohus</span> <span class='ocrx_word' id='word_1_183' title='bbox 307 2137 333 2186; x_wconf 91' lang='lat' dir='ltr'>in</span> <span class='ocrx_word' id='word_1_184' title='bbox 351 2136 527 2186; x_wconf 79' lang='lat' dir='ltr'>Tiremistool.</span> <span class='ocrx_word' id='word_1_185' title='bbox 546 2137 563 2186; x_wconf 81' lang='lat' dir='ltr'>u</span> <span class='ocrx_word' id='word_1_186' title='bbox 581 2135 625 2186; x_wconf 88' lang='lat' dir='ltr'>tin.</span> <span class='ocrx_word' id='word_1_187' title='bbox 644 2135 719 2185; x_wconf 77' lang='lat' dir='ltr'>eliis·</span> <span class='ocrx_word' id='word_1_188' title='bbox 768 2134 1309 2190; x_wconf 84' lang='lat' dir='ltr'>dewin.inComurent.deLssoiiersnio-</span> 
     </span>
     <span class='ocr_line' id='line_1_22' title="bbox 178 2205 1309 2271; baseline -0.004 -14"><span class='ocrx_word' id='word_1_189' title='bbox 178 2223 230 2271; x_wconf 87' lang='lat' dir='ltr'>que</span> <span class='ocrx_word' id='word_1_190' title='bbox 251 2206 318 2256; x_wconf 86' lang='lat' dir='ltr'>loeis</span> <span class='ocrx_word' id='word_1_191' title='bbox 340 2207 375 2256; x_wconf 83' lang='lat' dir='ltr'>sb</span> <span class='ocrx_word' id='word_1_192' title='bbox 394 2207 557 2270; x_wconf 81' lang='lat' dir='ltr'>Hsitingero</span> <span class='ocrx_word' id='word_1_193' title='bbox 580 2205 670 2256; x_wconf 80' lang='lat' dir='ltr'>slistis</span> <span class='ocrx_word' id='word_1_194' title='bbox 690 2207 717 2254; x_wconf 86' lang='lat' dir='ltr'>in</span> <span class='ocrx_word' id='word_1_195' title='bbox 768 2207 845 2255; x_wconf 86' lang='lat' dir='ltr'>nensi</span> <span class='ocrx_word' id='word_1_196' title='bbox 859 2207 1010 2270; x_wconf 68' lang='lat' dir='ltr'>praemisse</span> <span class='ocrx_word' id='word_1_197' title='bbox 1023 2205 1111 2255; x_wconf 84' lang='lat' dir='ltr'>Indici</span> <span class='ocrx_word' id='word_1_198' title='bbox 1128 2205 1229 2260; x_wconf 76' lang='lat' dir='ltr'>sehon.</span> <span class='ocrx_word' id='word_1_199' title='bbox 1244 2205 1309 2254; x_wconf 85' lang='lat' dir='ltr'>Got-</span> 
     </span>
     <span class='ocr_line' id='line_1_23' title="bbox 177 2271 1309 2340; baseline -0.002 -14"><span class='ocrx_word' id='word_1_200' title='bbox 177 2277 251 2326; x_wconf 76' lang='lat' dir='ltr'>Actu.</span> <span class='ocrx_word' id='word_1_201' title='bbox 266 2275 341 2340; x_wconf 84' lang='lat' dir='ltr'>phili.</span> <span class='ocrx_word' id='word_1_202' title='bbox 355 2279 477 2326; x_wconf 76' lang='lat' dir='ltr'>Menace.</span> <span class='ocrx_word' id='word_1_203' title='bbox 490 2276 541 2326; x_wconf 90' lang='lat'><em>111.</em></span> <span class='ocrx_word' id='word_1_204' title='bbox 556 2291 581 2338; x_wconf 87' lang='grc' dir='ltr'>μ.</span> <span class='ocrx_word' id='word_1_205' title='bbox 594 2277 655 2337; x_wconf 78' lang='lat'>⁴200,</span> <span class='ocrx_word' id='word_1_206' title='bbox 671 2275 717 2324; x_wconf 90' lang='lat' dir='ltr'>ubi</span> <span class='ocrx_word' id='word_1_207' title='bbox 768 2278 883 2339; x_wconf 82' lang='lat' dir='ltr'>tingens.</span> <span class='ocrx_word' id='word_1_208' title='bbox 906 2275 1013 2325; x_wconf 80' lang='lat' dir='ltr'>hiemat.</span> <span class='ocrx_word' id='word_1_209' title='bbox 1029 2271 1226 2326; x_wconf 68' lang='lat'>1842-113&#39;43:</span> <span class='ocrx_word' id='word_1_210' title='bbox 1242 2291 1309 2340; x_wconf 85' lang='lat' dir='ltr'>quo-</span> 
     </span>
     <span class='ocr_line' id='line_1_24' title="bbox 177 2339 1308 2404; baseline -0.003 -7"><span class='ocrx_word' id='word_1_211' title='bbox 177 2348 260 2397; x_wconf 77' lang='lat' dir='ltr'>etism</span> <span class='ocrx_word' id='word_1_212' title='bbox 275 2344 307 2396; x_wconf 86' lang='lat' dir='ltr'>de</span> <span class='ocrx_word' id='word_1_213' title='bbox 321 2345 458 2396; x_wconf 81' lang='lat' dir='ltr'>locutione</span> <span class='ocrx_word' id='word_1_214' title='bbox 474 2343 555 2395; x_wconf 80' lang='grc' dir='ltr'><strong><em>λῦσαι</em></strong></span> <span class='ocrx_word' id='word_1_215' title='bbox 574 2341 624 2392; x_wconf 85' lang='grc' dir='ltr'>τὸν</span> <span class='ocrx_word' id='word_1_216' title='bbox 635 2339 717 2393; x_wconf 88' lang='grc' dir='ltr'><strong><em>πάλε-</em></strong></span> <span class='ocrx_word' id='word_1_217' title='bbox 767 2360 828 2394; x_wconf 89' lang='lat' dir='ltr'>oum</span> <span class='ocrx_word' id='word_1_218' title='bbox 840 2345 876 2395; x_wconf 79' lang='lat' dir='ltr'>of.</span> <span class='ocrx_word' id='word_1_219' title='bbox 891 2343 981 2395; x_wconf 84' lang='lat' dir='ltr'>Bode:</span> <span class='ocrx_word' id='word_1_220' title='bbox 996 2343 1267 2404; x_wconf 63' lang='lat' dir='ltr'>Hellenviohtkdl,</span> <span class='ocrx_word' id='word_1_221' title='bbox 1282 2346 1308 2394; x_wconf 85' lang='lat'>2.</span> 
     </span>
     <span class='ocr_line' id='line_1_25' title="bbox 176 2412 1308 2479; baseline -0.004 -15"><span class='ocrx_word' id='word_1_222' title='bbox 176 2429 239 2477; x_wconf 91' lang='grc' dir='ltr'><strong><em>μον.</em></strong></span> <span class='ocrx_word' id='word_1_223' title='bbox 268 2416 422 2465; x_wconf 80' lang='lat' dir='ltr'>Herodotus</span> <span class='ocrx_word' id='word_1_224' title='bbox 440 2415 500 2479; x_wconf 85' lang='lat' dir='ltr'>ipse</span> <span class='ocrx_word' id='word_1_225' title='bbox 514 2413 579 2478; x_wconf 87' lang='lat' dir='ltr'>VII,</span> <span class='ocrx_word' id='word_1_226' title='bbox 604 2414 641 2465; x_wconf 81' lang='grc'>16.</span> <span class='ocrx_word' id='word_1_227' title='bbox 663 2415 715 2477; x_wconf 78' lang='lat'>§.2</span> <span class='ocrx_word' id='word_1_228' title='bbox 766 2430 832 2478; x_wconf 74' lang='lat' dir='ltr'>pag.</span> <span class='ocrx_word' id='word_1_229' title='bbox 857 2415 902 2464; x_wconf 85' lang='lat' dir='ltr'>lli</span> <span class='ocrx_word' id='word_1_230' title='bbox 919 2430 993 2479; x_wconf 87' lang='lat' dir='ltr'>seqq.</span> <span class='ocrx_word' id='word_1_231' title='bbox 1014 2418 1041 2462; x_wconf 87' lang='lat' dir='ltr'>et</span> <span class='ocrx_word' id='word_1_232' title='bbox 1059 2415 1206 2478; x_wconf 84' lang='lat' dir='ltr'>quse·ipss</span> <span class='ocrx_word' id='word_1_233' title='bbox 1226 2412 1308 2464; x_wconf 74' lang='lat' dir='ltr'>attuli</span> 
     </span>
     <span class='ocr_line' id='line_1_26' title="bbox 177 2475 1307 2548; baseline -0.001 -15"><span class='ocrx_word' id='word_1_234' title='bbox 177 2478 326 2533; x_wconf 72' lang='grc' dir='ltr'><strong><em>καταλύειν</em></strong></span> <span class='ocrx_word' id='word_1_235' title='bbox 350 2479 401 2533; x_wconf 81' lang='grc' dir='ltr'>τὰν</span> <span class='ocrx_word' id='word_1_236' title='bbox 421 2475 521 2533; x_wconf 80' lang='grc' dir='ltr'><strong><em>στόλον</em></strong></span> <span class='ocrx_word' id='word_1_237' title='bbox 542 2484 625 2542; x_wconf 77' lang='lat' dir='ltr'>dixit3</span> <span class='ocrx_word' id='word_1_238' title='bbox 652 2483 716 2533; x_wconf 84' lang='lat' dir='ltr'>sdd.</span> <span class='ocrx_word' id='word_1_239' title='bbox 766 2483 806 2532; x_wconf 88' lang='lat' dir='ltr'>in:</span> <span class='ocrx_word' id='word_1_240' title='bbox 824 2483 1150 2548; x_wconf 75' lang='lat' dir='ltr'>Pauly&#39;siteelenoyotop.</span> <span class='ocrx_word' id='word_1_241' title='bbox 1167 2483 1307 2548; x_wconf 81' lang='lat' dir='ltr'>lv.p.795</span> 
     </span>
     <span class='ocr_line' id='line_1_27' title="bbox 176 2552 1308 2618; baseline -0.003 -13"><span class='ocrx_word' id='word_1_242' title='bbox 176 2556 224 2616; x_wconf 82' lang='lat' dir='ltr'>vl,</span> <span class='ocrx_word' id='word_1_243' title='bbox 238 2555 281 2605; x_wconf 87' lang='grc'>43.</span> <span class='ocrx_word' id='word_1_244' title='bbox 314 2555 377 2604; x_wconf 87' lang='lat' dir='ltr'>Mox</span> <span class='ocrx_word' id='word_1_245' title='bbox 395 2569 454 2604; x_wconf 86' lang='lat' dir='ltr'>eum</span> <span class='ocrx_word' id='word_1_246' title='bbox 469 2552 624 2602; x_wconf 83' lang='lat' dir='ltr'>tisisfordio</span> <span class='ocrx_word' id='word_1_247' title='bbox 643 2552 716 2602; x_wconf 79' lang='lat' dir='ltr'>aliis·</span> <span class='ocrx_word' id='word_1_248' title='bbox 766 2567 822 2617; x_wconf 86' lang='lat' dir='ltr'>seq.</span> <span class='ocrx_word' id='word_1_249' title='bbox 850 2554 934 2602; x_wconf 85' lang='lat' dir='ltr'>Addit</span> <span class='ocrx_word' id='word_1_250' title='bbox 950 2553 1156 2614; x_wconf 79' lang='lat' dir='ltr'>Valckenarius,</span> <span class='ocrx_word' id='word_1_251' title='bbox 1171 2553 1308 2618; x_wconf 83' lang='lat' dir='ltr'>quodHe-</span> 
     </span>
     <span class='ocr_line' id='line_1_28' title="bbox 177 2615 1308 2690; baseline -0.004 -16"><span class='ocrx_word' id='word_1_252' title='bbox 177 2640 228 2690; x_wconf 87' lang='lat' dir='ltr'>que</span> <span class='ocrx_word' id='word_1_253' title='bbox 256 2624 364 2673; x_wconf 82' lang='lat' dir='ltr'>restitui</span> <span class='ocrx_word' id='word_1_254' title='bbox 391 2615 610 2682; x_wconf 84' lang='grc' dir='ltr'><strong><em>Πεισιστράτου,</em></strong></span> <span class='ocrx_word' id='word_1_255' title='bbox 644 2621 715 2688; x_wconf 82' lang='lat' dir='ltr'>qnod</span> <span class='ocrx_word' id='word_1_256' title='bbox 766 2623 862 2672; x_wconf 87' lang='lat' dir='ltr'>rodoto</span> <span class='ocrx_word' id='word_1_257' title='bbox 874 2637 906 2672; x_wconf 80' lang='lat' dir='ltr'>ao</span> <span class='ocrx_word' id='word_1_258' title='bbox 918 2623 1073 2672; x_wconf 79' lang='lat' dir='ltr'>i&#39;sussrrise</span> <span class='ocrx_word' id='word_1_259' title='bbox 1090 2621 1125 2677; x_wconf 87' lang='lat'>11.</span> <span class='ocrx_word' id='word_1_260' title='bbox 1137 2623 1179 2674; x_wconf 76' lang='lat'>26.</span> <span class='ocrx_word' id='word_1_261' title='bbox 1197 2623 1308 2686; x_wconf 72' lang='lat' dir='ltr'>§.usit</span> 
     </span>
     <span class='ocr_line' id='line_1_29' title="bbox 176 2680 1307 2756; baseline -0.002 -14"><span class='ocrx_word' id='word_1_262' title='bbox 176 2697 286 2756; x_wconf 80' lang='lat' dir='ltr'>praeter</span> <span class='ocrx_word' id='word_1_263' title='bbox 306 2691 429 2741; x_wconf 83' lang='lat' dir='ltr'>Aldinem</span> <span class='ocrx_word' id='word_1_264' title='bbox 452 2691 715 2754; x_wconf 80' lang='lat' dir='ltr'>proebetSsnoroiti</span> <span class='ocrx_word' id='word_1_265' title='bbox 766 2680 909 2752; x_wconf 68' lang='grc' dir='ltr'><strong><em>ἐμποιεῖν,</em></strong></span> <span class='ocrx_word' id='word_1_266' title='bbox 937 2692 964 2742; x_wconf 87' lang='lat' dir='ltr'>id</span> <span class='ocrx_word' id='word_1_267' title='bbox 983 2693 1011 2741; x_wconf 93' lang='lat' dir='ltr'>in</span> <span class='ocrx_word' id='word_1_268' title='bbox 1038 2691 1174 2740; x_wconf 77' lang='lat' dir='ltr'>simillime</span> <span class='ocrx_word' id='word_1_269' title='bbox 1198 2689 1307 2742; x_wconf 87' lang='lat' dir='ltr'>Solonis</span> 
     </span>
     <span class='ocr_line' id='line_1_30' title="bbox 175 2759 1307 2825; baseline -0.001 -15"><span class='ocrx_word' id='word_1_270' title='bbox 175 2761 244 2811; x_wconf 90' lang='lat' dir='ltr'>liber</span> <span class='ocrx_word' id='word_1_271' title='bbox 257 2777 317 2811; x_wconf 86' lang='lat' dir='ltr'>oum</span> <span class='ocrx_word' id='word_1_272' title='bbox 330 2760 403 2810; x_wconf 76' lang='lat' dir='ltr'>eliis.</span> <span class='ocrx_word' id='word_1_273' title='bbox 425 2759 456 2809; x_wconf 88' lang='lat' dir='ltr'>In</span> <span class='ocrx_word' id='word_1_274' title='bbox 468 2759 625 2810; x_wconf 78' lang='lat' dir='ltr'>Florentino</span> <span class='ocrx_word' id='word_1_275' title='bbox 642 2759 715 2810; x_wconf 78' lang='lat' dir='ltr'>aliis·</span> <span class='ocrx_word' id='word_1_276' title='bbox 766 2759 877 2821; x_wconf 75' lang='lat' dir='ltr'>fraudo,</span> <span class='ocrx_word' id='word_1_277' title='bbox 907 2762 954 2825; x_wconf 89' lang='lat' dir='ltr'>qui</span> <span class='ocrx_word' id='word_1_278' title='bbox 982 2761 1135 2810; x_wconf 71' lang='lat' dir='ltr'><strong>Homericis</strong></span> <span class='ocrx_word' id='word_1_279' title='bbox 1161 2762 1307 2812; x_wconf 87' lang='lat' dir='ltr'>interserto</span> 
     </span>
     <span class='ocr_line' id='line_1_31' title="bbox 175 2826 1307 2894; baseline 0.001 -15"><span class='ocrx_word' id='word_1_280' title='bbox 175 2830 373 2894; x_wconf 85' lang='lat' dir='ltr'>queinvenitur</span> <span class='ocrx_word' id='word_1_281' title='bbox 384 2826 629 2890; x_wconf 81' lang='grc' dir='ltr'><strong><em>Πεισιστρατίδεω,</em></strong></span> <span class='ocrx_word' id='word_1_282' title='bbox 643 2828 714 2894; x_wconf 74' lang='lat' dir='ltr'>quoti</span> <span class='ocrx_word' id='word_1_283' title='bbox 765 2845 844 2878; x_wconf 82' lang='lat' dir='ltr'>versu</span> <span class='ocrx_word' id='word_1_284' title='bbox 859 2829 995 2891; x_wconf 75' lang='lat' dir='ltr'>effecerat,</span> <span class='ocrx_word' id='word_1_285' title='bbox 1009 2836 1039 2880; x_wconf 89' lang='lat' dir='ltr'>ut</span> <span class='ocrx_word' id='word_1_286' title='bbox 1051 2831 1084 2880; x_wconf 83' lang='lat' dir='ltr'>de</span> <span class='ocrx_word' id='word_1_287' title='bbox 1097 2831 1234 2880; x_wconf 70' lang='lat' dir='ltr'>Salamine</span> <span class='ocrx_word' id='word_1_288' title='bbox 1244 2847 1307 2880; x_wconf 85' lang='lat' dir='ltr'>eou-</span> 
     </span>
     <span class='ocr_line' id='line_1_32' title="bbox 175 2897 1306 2965; baseline 0 -17"><span class='ocrx_word' id='word_1_289' title='bbox 175 2898 306 2949; x_wconf 82' lang='lat' dir='ltr'>Sohsefer</span> <span class='ocrx_word' id='word_1_290' title='bbox 320 2903 348 2949; x_wconf 86' lang='lat' dir='ltr'>et</span> <span class='ocrx_word' id='word_1_291' title='bbox 361 2898 458 2946; x_wconf 78' lang='lat' dir='ltr'>Matth.</span> <span class='ocrx_word' id='word_1_292' title='bbox 472 2899 650 2947; x_wconf 85' lang='lat' dir='ltr'>retinuerunt.</span> <span class='ocrx_word' id='word_1_293' title='bbox 674 2899 715 2948; x_wconf 76' lang='lat' dir='ltr'>Ex</span> <span class='ocrx_word' id='word_1_294' title='bbox 765 2897 907 2949; x_wconf 85' lang='lat' dir='ltr'>tendentes</span> <span class='ocrx_word' id='word_1_295' title='bbox 920 2901 1094 2965; x_wconf 76' lang='lat' dir='ltr'>Megarenses</span> <span class='ocrx_word' id='word_1_296' title='bbox 1113 2901 1147 2949; x_wconf 85' lang='lat' dir='ltr'>nb</span> <span class='ocrx_word' id='word_1_297' title='bbox 1161 2900 1306 2950; x_wconf 81' lang='lat' dir='ltr'>Athenien·</span> 
     </span>
     <span class='ocr_line' id='line_1_33' title="bbox 174 2959 1307 3033; baseline 0 -15"><span class='ocrx_word' id='word_1_298' title='bbox 174 2968 286 3026; x_wconf 73' lang='lat' dir='ltr'>Aldine,</span> <span class='ocrx_word' id='word_1_299' title='bbox 313 2983 429 3033; x_wconf 75' lang='lat' dir='ltr'>quacum</span> <span class='ocrx_word' id='word_1_300' title='bbox 453 2967 626 3017; x_wconf 88' lang='lat' dir='ltr'>consentiunt</span> <span class='ocrx_word' id='word_1_301' title='bbox 646 2967 715 3016; x_wconf 75' lang='lat' dir='ltr'>San·</span> <span class='ocrx_word' id='word_1_302' title='bbox 766 2968 840 3018; x_wconf 84' lang='lat' dir='ltr'>sibus</span> <span class='ocrx_word' id='word_1_303' title='bbox 857 2970 1050 3032; x_wconf 80' lang='lat' dir='ltr'>vincerentur,</span> <span class='ocrx_word' id='word_1_304' title='bbox 1078 2969 1132 3019; x_wconf 87' lang='lat' dir='ltr'>dici</span> <span class='ocrx_word' id='word_1_305' title='bbox 1150 2967 1246 3032; x_wconf 78' lang='grc' dir='ltr'><strong><em>στίχον</em></strong></span> <span class='ocrx_word' id='word_1_306' title='bbox 1264 2959 1307 3032; x_wconf 71' lang='grc' dir='ltr'>ἔγ-</span> 
     </span>
     <span class='ocr_line' id='line_1_34' title="bbox 174 3027 1308 3104; baseline -0.002 -16"><span class='ocrx_word' id='word_1_307' title='bbox 174 3037 255 3088; x_wconf 82' lang='lat' dir='ltr'>oroiti</span> <span class='ocrx_word' id='word_1_308' title='bbox 277 3037 344 3088; x_wconf 87' lang='lat' dir='ltr'>iiber</span> <span class='ocrx_word' id='word_1_309' title='bbox 359 3053 392 3088; x_wconf 81' lang='lat' dir='ltr'>so</span> <span class='ocrx_word' id='word_1_310' title='bbox 410 3043 465 3086; x_wconf 88' lang='lat' dir='ltr'>tres</span> <span class='ocrx_word' id='word_1_311' title='bbox 485 3036 616 3097; x_wconf 80' lang='grc' dir='ltr'><strong><em>Ριείείοί,</em></strong></span> <span class='ocrx_word' id='word_1_312' title='bbox 638 3051 715 3087; x_wconf 84' lang='lat' dir='ltr'>revo-</span> <span class='ocrx_word' id='word_1_313' title='bbox 766 3029 875 3100; x_wconf 82' lang='grc' dir='ltr'><strong><em>γράψαι</em></strong></span> <span class='ocrx_word' id='word_1_314' title='bbox 889 3033 928 3095; x_wconf 83' lang='grc' dir='ltr'>εἰς</span> <span class='ocrx_word' id='word_1_315' title='bbox 942 3029 992 3088; x_wconf 87' lang='grc' dir='ltr'>τάν</span> <span class='ocrx_word' id='word_1_316' title='bbox 1002 3032 1158 3102; x_wconf 77' lang='grc' dir='ltr'><strong><em>κατάλογον</em></strong></span> <span class='ocrx_word' id='word_1_317' title='bbox 1171 3037 1212 3090; x_wconf 80' lang='lat' dir='ltr'>vei</span> <span class='ocrx_word' id='word_1_318' title='bbox 1226 3027 1308 3104; x_wconf 75' lang='grc' dir='ltr'><strong><em>ἔμβα-</em></strong></span> 
     </span>
     <span class='ocr_line' id='line_1_35' title="bbox 175 3095 1308 3172; baseline -0.002 -14"><span class='ocrx_word' id='word_1_319' title='bbox 175 3109 237 3158; x_wconf 80' lang='grc' dir='ltr'><strong><em>οονί</em></strong></span> <span class='ocrx_word' id='word_1_320' title='bbox 252 3097 379 3170; x_wconf 75' lang='grc' dir='ltr'><strong><em>ἐξηλάθη</em></strong></span> <span class='ocrx_word' id='word_1_321' title='bbox 400 3122 448 3172; x_wconf 87' lang='lat' dir='ltr'>pro</span> <span class='ocrx_word' id='word_1_322' title='bbox 464 3095 627 3170; x_wconf 72' lang='grc' dir='ltr'><strong><em>ἐξηλάσθη,</em></strong></span> <span class='ocrx_word' id='word_1_323' title='bbox 644 3107 716 3171; x_wconf 89' lang='lat' dir='ltr'>quod</span> <span class='ocrx_word' id='word_1_324' title='bbox 765 3107 824 3156; x_wconf 83' lang='grc' dir='ltr'><strong><em>λεῑν</em></strong></span> <span class='ocrx_word' id='word_1_325' title='bbox 841 3107 883 3158; x_wconf 87' lang='lat' dir='ltr'>vet</span> <span class='ocrx_word' id='word_1_326' title='bbox 902 3107 1089 3170; x_wconf 83' lang='grc' dir='ltr'><strong><em>παρενθεὶναι</em></strong></span> <span class='ocrx_word' id='word_1_327' title='bbox 1110 3105 1308 3169; x_wconf 78' lang='grc' dir='ltr'><strong><em>πεπλασμένον</em></strong></span> 
     </span>
     <span class='ocr_line' id='line_1_36' title="bbox 175 3176 1305 3242; baseline 0 -16"><span class='ocrx_word' id='word_1_328' title='bbox 175 3177 209 3226; x_wconf 74' lang='lat' dir='ltr'>ab</span> <span class='ocrx_word' id='word_1_329' title='bbox 216 3177 349 3227; x_wconf 86' lang='lat' dir='ltr'>Herodoti</span> <span class='ocrx_word' id='word_1_330' title='bbox 358 3192 409 3227; x_wconf 88' lang='lat' dir='ltr'>usu</span> <span class='ocrx_word' id='word_1_331' title='bbox 424 3176 542 3226; x_wconf 76' lang='lat' dir='ltr'>alienum</span> <span class='ocrx_word' id='word_1_332' title='bbox 554 3191 614 3226; x_wconf 87' lang='lat' dir='ltr'>esse</span> <span class='ocrx_word' id='word_1_333' title='bbox 624 3176 716 3226; x_wconf 84' lang='lat' dir='ltr'>docuit</span> <span class='ocrx_word' id='word_1_334' title='bbox 765 3177 838 3241; x_wconf 78' lang='lat' dir='ltr'>apud</span> <span class='ocrx_word' id='word_1_335' title='bbox 853 3179 970 3242; x_wconf 81' lang='lat' dir='ltr'>Diogen.</span> <span class='ocrx_word' id='word_1_336' title='bbox 983 3179 1074 3230; x_wconf 68' lang='lat' dir='ltr'>Laert.</span> <span class='ocrx_word' id='word_1_337' title='bbox 1089 3179 1111 3239; x_wconf 85' lang='lat'>1,</span> <span class='ocrx_word' id='word_1_338' title='bbox 1125 3179 1169 3228; x_wconf 82' lang='grc'>48.</span> <span class='ocrx_word' id='word_1_339' title='bbox 1193 3177 1305 3242; x_wconf 80' lang='lat' dir='ltr'>Uipisu.</span> 
     </span>
     <span class='ocr_line' id='line_1_37' title="bbox 174 3245 1306 3312; baseline -0.001 -15"><span class='ocrx_word' id='word_1_340' title='bbox 174 3246 289 3299; x_wconf 85' lang='lat' dir='ltr'>Bredov.</span> <span class='ocrx_word' id='word_1_341' title='bbox 303 3261 329 3310; x_wconf 86' lang='lat' dir='ltr'>p.</span> <span class='ocrx_word' id='word_1_342' title='bbox 344 3247 405 3300; x_wconf 82' lang='grc'><strong>342.</strong></span> <span class='ocrx_word' id='word_1_343' title='bbox 766 3247 982 3298; x_wconf 63' lang='grc' dir='ltr'><strong><em>ποθεινοτάταν.</em></strong></span> <span class='ocrx_word' id='word_1_344' title='bbox 999 3249 1083 3312; x_wconf 63' lang='lat' dir='ltr'>peut</span> <span class='ocrx_word' id='word_1_345' title='bbox 1097 3253 1122 3296; x_wconf 85' lang='lat' dir='ltr'>et</span> <span class='ocrx_word' id='word_1_346' title='bbox 1130 3245 1257 3298; x_wconf 80' lang='lat' dir='ltr'>Eustnth.</span> <span class='ocrx_word' id='word_1_347' title='bbox 1272 3246 1306 3296; x_wconf 85' lang='lat' dir='ltr'>nd</span> 
     </span>
     <span class='ocr_line' id='line_1_38' title="bbox 215 3305 1307 3382; baseline 0.003 -20"><span class='ocrx_word' id='word_1_348' title='bbox 215 3305 270 3364; x_wconf 72' lang='grc' dir='ltr'><strong><em>ἐπ’</em></strong></span> <span class='ocrx_word' id='word_1_349' title='bbox 299 3307 493 3382; x_wconf 82' lang='grc' dir='ltr'><strong><em>αάτοφτάρῳ</em></strong></span> <span class='ocrx_word' id='word_1_350' title='bbox 520 3305 628 3372; x_wconf 62' lang='lat' dir='ltr'>&amp;toric</span> <span class='ocrx_word' id='word_1_351' title='bbox 657 3305 715 3364; x_wconf 80' lang='grc' dir='ltr'><strong><em>ὑπὸ</em></strong></span> <span class='ocrx_word' id='word_1_352' title='bbox 766 3316 847 3366; x_wconf 82' lang='lat' dir='ltr'>Iliad.</span> <span class='ocrx_word' id='word_1_353' title='bbox 862 3317 901 3368; x_wconf 90' lang='lat'>11.</span> <span class='ocrx_word' id='word_1_354' title='bbox 916 3319 1015 3380; x_wconf 64' lang='lat' dir='ltr'>nelo,</span> <span class='ocrx_word' id='word_1_355' title='bbox 1030 3320 1073 3368; x_wconf 84' lang='grc'>42.</span> <span class='ocrx_word' id='word_1_356' title='bbox 1096 3317 1307 3367; x_wconf 83' lang='lat' dir='ltr'>Ceruuntursu-</span> 
     </span>
     <span class='ocr_line' id='line_1_39' title="bbox 172 3376 1307 3451; baseline 0 -17"><span class='ocrx_word' id='word_1_357' title='bbox 172 3377 289 3434; x_wconf 81' lang='grc' dir='ltr'><strong><em>Λάσου</em></strong></span> <span class='ocrx_word' id='word_1_358' title='bbox 304 3382 355 3434; x_wconf 78' lang='grc' dir='ltr'>τοῦ</span> <span class='ocrx_word' id='word_1_359' title='bbox 366 3376 542 3451; x_wconf 80' lang='grc' dir='ltr'><strong><em>Ἑρμιονέος]</em></strong></span> <span class='ocrx_word' id='word_1_360' title='bbox 559 3385 577 3434; x_wconf 93' lang='lat' dir='ltr'>i.</span> <span class='ocrx_word' id='word_1_361' title='bbox 588 3401 612 3434; x_wconf 89' lang='lat' dir='ltr'>e.</span> <span class='ocrx_word' id='word_1_362' title='bbox 628 3386 714 3447; x_wconf 83' lang='lat' dir='ltr'>inipso</span> <span class='ocrx_word' id='word_1_363' title='bbox 766 3391 819 3435; x_wconf 87' lang='lat' dir='ltr'>tem</span> <span class='ocrx_word' id='word_1_364' title='bbox 833 3385 861 3436; x_wconf 90' lang='lat' dir='ltr'>in</span> <span class='ocrx_word' id='word_1_365' title='bbox 871 3385 982 3447; x_wconf 73' lang='lat' dir='ltr'>tutibus,</span> <span class='ocrx_word' id='word_1_366' title='bbox 996 3402 1065 3451; x_wconf 79' lang='lat' dir='ltr'>quse</span> <span class='ocrx_word' id='word_1_367' title='bbox 1077 3385 1128 3436; x_wconf 89' lang='lat' dir='ltr'>hoo</span> <span class='ocrx_word' id='word_1_368' title='bbox 1140 3385 1200 3436; x_wconf 82' lang='lat' dir='ltr'>loeo</span> <span class='ocrx_word' id='word_1_369' title='bbox 1211 3385 1307 3435; x_wconf 83' lang='lat' dir='ltr'>ste-</span> 
     </span>
     <span class='ocr_line' id='line_1_40' title="bbox 169 3454 1306 3520; baseline -0.002 -16"><span class='ocrx_word' id='word_1_370' title='bbox 169 3455 241 3517; x_wconf 80' lang='lat' dir='ltr'>sueto</span> <span class='ocrx_word' id='word_1_371' title='bbox 253 3455 425 3518; x_wconf 71' lang='lat' dir='ltr'>deprehensus</span> <span class='ocrx_word' id='word_1_372' title='bbox 439 3471 455 3504; x_wconf 88' lang='lat' dir='ltr'><em>a</em></span> <span class='ocrx_word' id='word_1_373' title='bbox 464 3455 543 3517; x_wconf 82' lang='lat' dir='ltr'>Loro,</span> <span class='ocrx_word' id='word_1_374' title='bbox 553 3454 717 3505; x_wconf 66' lang='lat' dir='ltr'>contritusest</span> <span class='ocrx_word' id='word_1_375' title='bbox 765 3456 862 3508; x_wconf 83' lang='lat' dir='ltr'>rodoto</span> <span class='ocrx_word' id='word_1_376' title='bbox 879 3457 1039 3520; x_wconf 85' lang='lat' dir='ltr'>produntur,</span> <span class='ocrx_word' id='word_1_377' title='bbox 1054 3459 1161 3505; x_wconf 76' lang='lat' dir='ltr'>motura</span> <span class='ocrx_word' id='word_1_378' title='bbox 1175 3456 1243 3504; x_wconf 75' lang='lat' dir='ltr'>artis</span> <span class='ocrx_word' id='word_1_379' title='bbox 1254 3454 1306 3504; x_wconf 84' lang='lat' dir='ltr'>cri-</span> 
     </span>
     <span class='ocr_line' id='line_1_41' title="bbox 171 3525 1308 3590; baseline 0 -18"><span class='ocrx_word' id='word_1_380' title='bbox 171 3526 320 3576; x_wconf 81' lang='lat' dir='ltr'>oarmius&#39;bur</span> <span class='ocrx_word' id='word_1_381' title='bbox 335 3539 358 3574; x_wconf 85' lang='lat' dir='ltr'>s.</span> <span class='ocrx_word' id='word_1_382' title='bbox 374 3527 495 3576; x_wconf 79' lang='lat' dir='ltr'>vaticiniis</span> <span class='ocrx_word' id='word_1_383' title='bbox 513 3528 637 3588; x_wconf 78' lang='lat' dir='ltr'>insereret</span> <span class='ocrx_word' id='word_1_384' title='bbox 657 3540 715 3574; x_wconf 86' lang='lat' dir='ltr'>orn·</span> <span class='ocrx_word' id='word_1_385' title='bbox 765 3526 837 3577; x_wconf 81' lang='lat' dir='ltr'>tione</span> <span class='ocrx_word' id='word_1_386' title='bbox 848 3525 953 3576; x_wconf 71' lang='lat' dir='ltr'>semino</span> <span class='ocrx_word' id='word_1_387' title='bbox 971 3526 1086 3590; x_wconf 80' lang='lat' dir='ltr'>posthae</span> <span class='ocrx_word' id='word_1_388' title='bbox 1105 3525 1192 3589; x_wconf 72' lang='lat' dir='ltr'>magis</span> <span class='ocrx_word' id='word_1_389' title='bbox 1207 3527 1308 3588; x_wconf 77' lang='lat' dir='ltr'>magis·</span> 
     </span>
     <span class='ocr_line' id='line_1_42' title="bbox 171 3593 1187 3660; baseline 0.002 -18"><span class='ocrx_word' id='word_1_390' title='bbox 171 3596 250 3642; x_wconf 83' lang='lat' dir='ltr'>rutum</span> <span class='ocrx_word' id='word_1_391' title='bbox 271 3593 299 3657; x_wconf 81' lang='lat' dir='ltr'>(a</span> <span class='ocrx_word' id='word_1_392' title='bbox 312 3609 341 3644; x_wconf 85' lang='lat' dir='ltr'>ss</span> <span class='ocrx_word' id='word_1_393' title='bbox 353 3593 459 3644; x_wconf 83' lang='lat' dir='ltr'>scilicet</span> <span class='ocrx_word' id='word_1_394' title='bbox 474 3593 635 3657; x_wconf 78' lang='lat' dir='ltr'>confictum,</span> <span class='ocrx_word' id='word_1_395' title='bbox 653 3599 681 3644; x_wconf 87' lang='lat' dir='ltr'>et</span> <span class='ocrx_word' id='word_1_396' title='bbox 697 3608 714 3642; x_wconf 80' lang='lat' dir='ltr'>u</span> <span class='ocrx_word' id='word_1_397' title='bbox 766 3611 818 3660; x_wconf 90' lang='lat' dir='ltr'>que</span> <span class='ocrx_word' id='word_1_398' title='bbox 830 3595 902 3660; x_wconf 76' lang='lat' dir='ltr'>apud</span> <span class='ocrx_word' id='word_1_399' title='bbox 917 3595 1037 3646; x_wconf 80' lang='lat' dir='ltr'>Grseoos</span> <span class='ocrx_word' id='word_1_400' title='bbox 1051 3593 1187 3645; x_wconf 77' lang='lat' dir='ltr'>exouitse.</span> 
     </span>
     <span class='ocr_line' id='line_1_43' title="bbox 172 3653 1305 3728; baseline -0.003 -16"><span class='ocrx_word' id='word_1_401' title='bbox 172 3664 277 3712; x_wconf 74' lang='lat' dir='ltr'>Musaei</span> <span class='ocrx_word' id='word_1_402' title='bbox 290 3679 370 3728; x_wconf 82' lang='lat' dir='ltr'>opere</span> <span class='ocrx_word' id='word_1_403' title='bbox 382 3661 522 3724; x_wconf 75' lang='lat' dir='ltr'>alienum).</span> <span class='ocrx_word' id='word_1_404' title='bbox 546 3663 588 3712; x_wconf 88' lang='lat' dir='ltr'>De</span> <span class='ocrx_word' id='word_1_405' title='bbox 599 3663 714 3713; x_wconf 85' lang='lat' dir='ltr'>leontio·</span> <span class='ocrx_word' id='word_1_406' title='bbox 800 3653 839 3720; x_wconf 74' lang='lat' dir='ltr'>niis</span> <span class='ocrx_word' id='word_1_407' title='bbox 863 3657 896 3712; x_wconf 82' lang='grc' dir='ltr'>αί</span> <span class='ocrx_word' id='word_1_408' title='bbox 917 3656 961 3712; x_wconf 72' lang='grc' dir='ltr'><strong><em>ἐπί</em></strong></span> <span class='ocrx_word' id='word_1_409' title='bbox 991 3657 1110 3728; x_wconf 78' lang='grc' dir='ltr'><strong><em>Λήμνου</em></strong></span> <span class='ocrx_word' id='word_1_410' title='bbox 1134 3653 1305 3725; x_wconf 74' lang='grc' dir='ltr'><strong><em>ίπικείμεναι</em></strong></span> 
     </span>
     <span class='ocr_line' id='line_1_44' title="bbox 171 3723 1308 3796; baseline -0.003 -14"><span class='ocrx_word' id='word_1_411' title='bbox 171 3749 205 3782; x_wconf 86' lang='lat' dir='ltr'>ne</span> <span class='ocrx_word' id='word_1_412' title='bbox 220 3723 267 3780; x_wconf 66' lang='grc' dir='ltr'><strong><em>ἔπ’</em></strong></span> <span class='ocrx_word' id='word_1_413' title='bbox 289 3723 448 3796; x_wconf 80' lang='grc' dir='ltr'><strong><em>αάτοφεάρῳ</em></strong></span> <span class='ocrx_word' id='word_1_414' title='bbox 466 3724 552 3788; x_wconf 73' lang='grc' dir='ltr'><strong><em>ἁλοὺς</em></strong></span> <span class='ocrx_word' id='word_1_415' title='bbox 570 3732 626 3786; x_wconf 85' lang='lat' dir='ltr'>vid.</span> <span class='ocrx_word' id='word_1_416' title='bbox 643 3736 712 3786; x_wconf 85' lang='lat' dir='ltr'>nott.</span> <span class='ocrx_word' id='word_1_417' title='bbox 765 3729 848 3794; x_wconf 80' lang='grc' dir='ltr'><strong><em>νῆσοι</em></strong></span> <span class='ocrx_word' id='word_1_418' title='bbox 872 3727 1057 3794; x_wconf 74' lang='grc' dir='ltr'><strong><em>ἀφανιζοίατο</em></strong></span> <span class='ocrx_word' id='word_1_419' title='bbox 1081 3724 1153 3780; x_wconf 82' lang='grc' dir='ltr'><strong><em>κατὰ</em></strong></span> <span class='ocrx_word' id='word_1_420' title='bbox 1179 3725 1229 3796; x_wconf 73' lang='grc' dir='ltr'>τὴς</span> <span class='ocrx_word' id='word_1_421' title='bbox 1252 3729 1308 3779; x_wconf 88' lang='grc' dir='ltr'>θα-</span> 
     </span>
     <span class='ocr_line' id='line_1_45' title="bbox 171 3793 1306 3867; baseline -0.003 -15"><span class='ocrx_word' id='word_1_422' title='bbox 171 3802 311 3864; x_wconf 78' lang='lat' dir='ltr'><strong>st1‚72.</strong></span> <span class='ocrx_word' id='word_1_423' title='bbox 330 3801 482 3851; x_wconf 87' lang='lat' dir='ltr'>Cuieodem</span> <span class='ocrx_word' id='word_1_424' title='bbox 494 3800 583 3864; x_wconf 84' lang='lat' dir='ltr'>modo,</span> <span class='ocrx_word' id='word_1_425' title='bbox 598 3817 651 3866; x_wconf 91' lang='lat' dir='ltr'>quo</span> <span class='ocrx_word' id='word_1_426' title='bbox 666 3802 713 3860; x_wconf 84' lang='lat' dir='ltr'>vl.</span> <span class='ocrx_word' id='word_1_427' title='bbox 765 3795 882 3867; x_wconf 77' lang='grc' dir='ltr'><strong><em>λα’σσης]</em></strong></span> <span class='ocrx_word' id='word_1_428' title='bbox 895 3802 998 3854; x_wconf 80' lang='lat' dir='ltr'>Verbo:</span> <span class='ocrx_word' id='word_1_429' title='bbox 1016 3795 1048 3851; x_wconf 81' lang='grc' dir='ltr'>αἴ</span> <span class='ocrx_word' id='word_1_430' title='bbox 1055 3794 1100 3850; x_wconf 72' lang='lat' dir='ltr'>tut</span> <span class='ocrx_word' id='word_1_431' title='bbox 1116 3797 1233 3865; x_wconf 72' lang='grc' dir='ltr'><strong><em>Λήμνου</em></strong></span> <span class='ocrx_word' id='word_1_432' title='bbox 1248 3793 1306 3850; x_wconf 78' lang='grc' dir='ltr'><strong><em>ἐπι-</em></strong></span> 
     </span>
     <span class='ocr_line' id='line_1_46' title="bbox 173 3869 1305 3937; baseline -0.003 -14"><span class='ocrx_word' id='word_1_433' title='bbox 173 3871 221 3923; x_wconf 81' lang='grc'>137</span> <span class='ocrx_word' id='word_1_434' title='bbox 237 3871 295 3936; x_wconf 89' lang='lat' dir='ltr'>(ubi</span> <span class='ocrx_word' id='word_1_435' title='bbox 307 3871 343 3922; x_wconf 84' lang='lat' dir='ltr'>oi.</span> <span class='ocrx_word' id='word_1_436' title='bbox 358 3869 457 3934; x_wconf 80' lang='lat' dir='ltr'>nott),</span> <span class='ocrx_word' id='word_1_437' title='bbox 478 3870 588 3921; x_wconf 81' lang='lat' dir='ltr'>additur</span> <span class='ocrx_word' id='word_1_438' title='bbox 604 3871 714 3935; x_wconf 76' lang='lat' dir='ltr'>partiei-</span> <span class='ocrx_word' id='word_1_439' title='bbox 765 3869 891 3932; x_wconf 76' lang='grc' dir='ltr'><strong><em>κείμεναι</em></strong></span> <span class='ocrx_word' id='word_1_440' title='bbox 909 3871 990 3937; x_wconf 80' lang='lat' dir='ltr'>vulgo</span> <span class='ocrx_word' id='word_1_441' title='bbox 1006 3871 1162 3937; x_wconf 78' lang='lat' dir='ltr'>intelligunt</span> <span class='ocrx_word' id='word_1_442' title='bbox 1180 3871 1213 3921; x_wconf 86' lang='lat' dir='ltr'>de.</span> <span class='ocrx_word' id='word_1_443' title='bbox 1230 3872 1305 3920; x_wconf 88' lang='lat' dir='ltr'>insn-</span> 
     </span>
     <span class='ocr_line' id='line_1_47' title="bbox 171 3931 1305 4006; baseline -0.004 -14"><span class='ocrx_word' id='word_1_444' title='bbox 171 3943 245 4006; x_wconf 85' lang='lat' dir='ltr'>pium</span> <span class='ocrx_word' id='word_1_445' title='bbox 260 3931 409 4003; x_wconf 75' lang='grc' dir='ltr'><strong><em>ἐμποιέων,</em></strong></span> <span class='ocrx_word' id='word_1_446' title='bbox 424 3941 441 3988; x_wconf 93' lang='lat' dir='ltr'>i.</span> <span class='ocrx_word' id='word_1_447' title='bbox 450 3956 473 3990; x_wconf 85' lang='lat' dir='ltr'>e.</span> <span class='ocrx_word' id='word_1_448' title='bbox 484 3941 606 4002; x_wconf 82' lang='lat' dir='ltr'>inserens,</span> <span class='ocrx_word' id='word_1_449' title='bbox 619 3941 713 3992; x_wconf 81' lang='lat' dir='ltr'>endem</span> <span class='ocrx_word' id='word_1_450' title='bbox 763 3941 797 3990; x_wconf 92' lang='lat' dir='ltr'>lis</span> <span class='ocrx_word' id='word_1_451' title='bbox 806 3941 923 3990; x_wconf 79' lang='lat' dir='ltr'>Lemnum</span> <span class='ocrx_word' id='word_1_452' title='bbox 934 3941 1103 3994; x_wconf 75' lang='lat' dir='ltr'>oersroesitis:</span> <span class='ocrx_word' id='word_1_453' title='bbox 1115 3939 1237 4005; x_wconf 84' lang='lat' dir='ltr'>equidem</span> <span class='ocrx_word' id='word_1_454' title='bbox 1249 3956 1305 3989; x_wconf 84' lang='lat' dir='ltr'>ms-</span> 
     </span>
     <span class='ocr_line' id='line_1_48' title="bbox 171 4000 1305 4075; baseline -0.001 -14"><span class='ocrx_word' id='word_1_455' title='bbox 171 4012 287 4072; x_wconf 81' lang='grc' dir='ltr'><strong><em>τιιλίοηε,</em></strong></span> <span class='ocrx_word' id='word_1_456' title='bbox 297 4009 440 4075; x_wconf 78' lang='lat' dir='ltr'>quarerbo</span> <span class='ocrx_word' id='word_1_457' title='bbox 450 4000 647 4072; x_wconf 79' lang='grc' dir='ltr'><strong><em>ἁλίσκεσθαιῐ,</em></strong></span> <span class='ocrx_word' id='word_1_458' title='bbox 661 4007 712 4058; x_wconf 79' lang='grc'>209</span> <span class='ocrx_word' id='word_1_459' title='bbox 763 4009 808 4058; x_wconf 88' lang='lat' dir='ltr'>iim</span> <span class='ocrx_word' id='word_1_460' title='bbox 823 4011 974 4074; x_wconf 80' lang='lat' dir='ltr'>intelligere</span> <span class='ocrx_word' id='word_1_461' title='bbox 985 4009 1123 4061; x_wconf 86' lang='lat' dir='ltr'>deinsuiis</span> <span class='ocrx_word' id='word_1_462' title='bbox 1137 4011 1172 4060; x_wconf 80' lang='lat' dir='ltr'>ad</span> <span class='ocrx_word' id='word_1_463' title='bbox 1184 4025 1206 4060; x_wconf 86' lang='grc' dir='ltr'>ε.</span> <span class='ocrx_word' id='word_1_464' title='bbox 1221 4011 1305 4070; x_wconf 70' lang='lat' dir='ltr'>iuxta,</span> 
     </span>
     <span class='ocr_line' id='line_1_49' title="bbox 171 4078 1305 4144; baseline -0.004 -12"><span class='ocrx_word' id='word_1_465' title='bbox 171 4083 230 4144; x_wconf 87' lang='lat' dir='ltr'>(nbi</span> <span class='ocrx_word' id='word_1_466' title='bbox 242 4081 294 4130; x_wconf 87' lang='lat' dir='ltr'>vid.</span> <span class='ocrx_word' id='word_1_467' title='bbox 309 4078 383 4144; x_wconf 82' lang='lat' dir='ltr'>citt.)</span> <span class='ocrx_word' id='word_1_468' title='bbox 398 4083 427 4129; x_wconf 88' lang='lat' dir='ltr'>et</span> <span class='ocrx_word' id='word_1_469' title='bbox 438 4079 501 4140; x_wconf 88' lang='lat' dir='ltr'>VII,</span> <span class='ocrx_word' id='word_1_470' title='bbox 516 4080 564 4129; x_wconf 82' lang='grc'>102</span> <span class='ocrx_word' id='word_1_471' title='bbox 577 4080 636 4130; x_wconf 84' lang='lat' dir='ltr'>init.</span> <span class='ocrx_word' id='word_1_472' title='bbox 671 4079 711 4128; x_wconf 86' lang='lat' dir='ltr'>De</span> <span class='ocrx_word' id='word_1_473' title='bbox 760 4081 1046 4144; x_wconf 78' lang='lat' dir='ltr'>propeLemnumsitis</span> <span class='ocrx_word' id='word_1_474' title='bbox 1064 4095 1143 4130; x_wconf 83' lang='lat' dir='ltr'>eoex</span> <span class='ocrx_word' id='word_1_475' title='bbox 1162 4095 1305 4143; x_wconf 84' lang='lat' dir='ltr'>usuprse·</span> 
     </span>
     <span class='ocr_line' id='line_1_50' title="bbox 170 4141 1305 4215; baseline -0.001 -15"><span class='ocrx_word' id='word_1_476' title='bbox 170 4150 424 4202; x_wconf 81' lang='lat' dir='ltr'>Lasollermionsrrsi</span> <span class='ocrx_word' id='word_1_477' title='bbox 435 4153 463 4198; x_wconf 87' lang='lat' dir='ltr'>et</span> <span class='ocrx_word' id='word_1_478' title='bbox 475 4151 578 4200; x_wconf 86' lang='lat' dir='ltr'>musico</span> <span class='ocrx_word' id='word_1_479' title='bbox 590 4155 617 4198; x_wconf 87' lang='lat' dir='ltr'>et</span> <span class='ocrx_word' id='word_1_480' title='bbox 629 4149 713 4212; x_wconf 73' lang='lat' dir='ltr'>potita</span> <span class='ocrx_word' id='word_1_481' title='bbox 764 4151 909 4213; x_wconf 87' lang='lat' dir='ltr'>positionis</span> <span class='ocrx_word' id='word_1_482' title='bbox 923 4141 968 4200; x_wconf 69' lang='lat' dir='ltr'>tut</span> <span class='ocrx_word' id='word_1_483' title='bbox 983 4154 1113 4215; x_wconf 85' lang='lat' dir='ltr'>sequente</span> <span class='ocrx_word' id='word_1_484' title='bbox 1126 4149 1257 4214; x_wconf 80' lang='lat' dir='ltr'>genitivo,</span> <span class='ocrx_word' id='word_1_485' title='bbox 1272 4148 1305 4199; x_wconf 87' lang='lat' dir='ltr'>de</span> 
     </span>
     <span class='ocr_line' id='line_1_51' title="bbox 169 4216 1304 4292; baseline -0.001 -24"><span class='ocrx_word' id='word_1_486' title='bbox 169 4218 488 4292; x_wconf 64' lang='lat' dir='ltr'>Pindariquemsgistrm</span> <span class='ocrx_word' id='word_1_487' title='bbox 499 4218 545 4282; x_wconf 88' lang='lat' dir='ltr'>qui</span> <span class='ocrx_word' id='word_1_488' title='bbox 557 4216 599 4268; x_wconf 74' lang='lat' dir='ltr'>uei</span> <span class='ocrx_word' id='word_1_489' title='bbox 608 4223 713 4282; x_wconf 86' lang='lat' dir='ltr'>septem</span> <span class='ocrx_word' id='word_1_490' title='bbox 765 4234 817 4282; x_wconf 89' lang='lat' dir='ltr'>quo</span> <span class='ocrx_word' id='word_1_491' title='bbox 831 4220 866 4270; x_wconf 80' lang='lat' dir='ltr'>sd</span> <span class='ocrx_word' id='word_1_492' title='bbox 882 4220 921 4282; x_wconf 83' lang='lat' dir='ltr'>V,</span> <span class='ocrx_word' id='word_1_493' title='bbox 939 4221 969 4271; x_wconf 76' lang='lat'>12</span> <span class='ocrx_word' id='word_1_494' title='bbox 983 4225 1011 4270; x_wconf 83' lang='lat' dir='ltr'>et</span> <span class='ocrx_word' id='word_1_495' title='bbox 1022 4221 1060 4282; x_wconf 85' lang='lat' dir='ltr'>V,</span> <span class='ocrx_word' id='word_1_496' title='bbox 1075 4219 1118 4271; x_wconf 76' lang='lat'>92.</span> <span class='ocrx_word' id='word_1_497' title='bbox 1132 4222 1156 4282; x_wconf 74' lang='lat'>5.</span> <span class='ocrx_word' id='word_1_498' title='bbox 1172 4219 1187 4268; x_wconf 85' lang='lat'><strong>3</strong></span> <span class='ocrx_word' id='word_1_499' title='bbox 1202 4220 1304 4268; x_wconf 89' lang='lat' dir='ltr'>monni-</span> 
     </span>
     <span class='ocr_line' id='line_1_52' title="bbox 170 4286 1304 4350; baseline 0.002 -16"><span class='ocrx_word' id='word_1_500' title='bbox 170 4290 340 4350; x_wconf 83' lang='lat' dir='ltr'>sspientibus</span> <span class='ocrx_word' id='word_1_501' title='bbox 363 4303 380 4337; x_wconf 81' lang='lat' dir='ltr'>s</span> <span class='ocrx_word' id='word_1_502' title='bbox 400 4286 536 4338; x_wconf 88' lang='lat' dir='ltr'>nonnullis</span> <span class='ocrx_word' id='word_1_503' title='bbox 555 4287 714 4338; x_wconf 70' lang='lat' dir='ltr'>adnumere-</span> <span class='ocrx_word' id='word_1_504' title='bbox 766 4303 837 4348; x_wconf 65' lang='grc' dir='ltr'><strong><em>πίστι</em></strong></span> <span class='ocrx_word' id='word_1_505' title='bbox 856 4289 935 4340; x_wconf 78' lang='lat' dir='ltr'>aliter</span> <span class='ocrx_word' id='word_1_506' title='bbox 947 4292 1018 4339; x_wconf 85' lang='lat' dir='ltr'>enim</span> <span class='ocrx_word' id='word_1_507' title='bbox 1030 4289 1101 4338; x_wconf 88' lang='lat' dir='ltr'>huno</span> <span class='ocrx_word' id='word_1_508' title='bbox 1119 4287 1207 4339; x_wconf 84' lang='lat' dir='ltr'>ionum</span> <span class='ocrx_word' id='word_1_509' title='bbox 1225 4287 1304 4338; x_wconf 84' lang='lat' dir='ltr'>intel·</span> 
     </span>
     <span class='ocr_line' id='line_1_53' title="bbox 171 4347 1306 4423; baseline 0.001 -21"><span class='ocrx_word' id='word_1_510' title='bbox 171 4359 215 4404; x_wconf 84' lang='lat' dir='ltr'>tur</span> <span class='ocrx_word' id='word_1_511' title='bbox 234 4363 262 4404; x_wconf 87' lang='lat' dir='ltr'>et</span> <span class='ocrx_word' id='word_1_512' title='bbox 284 4357 404 4421; x_wconf 85' lang='lat' dir='ltr'>oyotieos</span> <span class='ocrx_word' id='word_1_513' title='bbox 432 4355 528 4406; x_wconf 88' lang='lat' dir='ltr'>choros</span> <span class='ocrx_word' id='word_1_514' title='bbox 560 4357 714 4406; x_wconf 73' lang='lat' dir='ltr'>instituisse</span> <span class='ocrx_word' id='word_1_515' title='bbox 765 4356 851 4421; x_wconf 82' lang='lat' dir='ltr'>ligere</span> <span class='ocrx_word' id='word_1_516' title='bbox 868 4363 944 4408; x_wconf 77' lang='lat' dir='ltr'>vetet</span> <span class='ocrx_word' id='word_1_517' title='bbox 956 4360 1043 4423; x_wconf 87' lang='lat' dir='ltr'>ipsum</span> <span class='ocrx_word' id='word_1_518' title='bbox 1057 4358 1168 4408; x_wconf 81' lang='lat' dir='ltr'>verbum</span> <span class='ocrx_word' id='word_1_519' title='bbox 1188 4347 1306 4404; x_wconf 73' lang='grc' dir='ltr'><strong><em>ἐπικεί-</em></strong></span> 
     </span>
     <span class='ocr_line' id='line_1_54' title="bbox 171 4423 1304 4494; baseline 0.005 -22"><span class='ocrx_word' id='word_1_520' title='bbox 171 4423 265 4487; x_wconf 83' lang='lat' dir='ltr'>tertur,</span> <span class='ocrx_word' id='word_1_521' title='bbox 285 4425 409 4489; x_wconf 72' lang='lat' dir='ltr'>primarii</span> <span class='ocrx_word' id='word_1_522' title='bbox 422 4431 485 4476; x_wconf 88' lang='lat' dir='ltr'>sunt</span> <span class='ocrx_word' id='word_1_523' title='bbox 502 4425 554 4476; x_wconf 88' lang='lat' dir='ltr'>iooi</span> <span class='ocrx_word' id='word_1_524' title='bbox 578 4425 715 4478; x_wconf 72' lang='grc' dir='ltr'><strong><em>δαίσατο.</em></strong></span> <span class='ocrx_word' id='word_1_525' title='bbox 766 4441 848 4492; x_wconf 82' lang='grc' dir='ltr'><strong><em>μεναι</em></strong></span> <span class='ocrx_word' id='word_1_526' title='bbox 862 4427 998 4489; x_wconf 70' lang='lat' dir='ltr'>additum</span> <span class='ocrx_word' id='word_1_527' title='bbox 1016 4443 1100 4494; x_wconf 86' lang='lat' dir='ltr'>prope</span> <span class='ocrx_word' id='word_1_528' title='bbox 1112 4428 1243 4484; x_wconf 81' lang='lat' dir='ltr'>Lemnum</span> <span class='ocrx_word' id='word_1_529' title='bbox 1256 4441 1304 4478; x_wconf 78' lang='lat' dir='ltr'>su·</span> 
     </span>
    </p>
   </div>
   <div class='ocr_carea' id='block_1_4' title="bbox 0 0 1536 4986">
    <p class='ocr_par' dir='ltr' id='par_1_4' title="bbox 0 0 1536 4986">
     <span class='ocr_line' id='line_1_55' title="bbox 0 0 1536 4986; baseline 0 2"><span class='ocrx_word' id='word_1_530' title='bbox 0 0 1536 4986; x_wconf 95' lang='lat' dir='ltr'> </span> 
     </span>
    </p>
   </div>
  </div>
 </body>
</html>
