2994 4980
444 377 718 439 POLYMNIA.
745 378 814 439 VII.
839 390 993 448 132-134.

1220 381 1281 443 637

150 554 186 620 ἐκ
214 549 344 620 τούτων
371 553 490 639 φέρειν
517 549 606 638 παρὰ
633 554 783 638 βασιλέα.
813 553 962 622 ’τούτων
987 555 1050 641 μὲν
1079 559 1191 622 εἵνεκα
1220 549 1283 621 οὐκ

150 662 276 741 έπεμψε
296 656 419 741 Ξέρξης
442 652 520 732 τούς
544 654 746 742 αἰτήσοντας.
789 652 828 723 Ὅ
851 685 881 724 τι
911 657 950 725 δέ·
969 673 1053 727 τοῖσι
1076 655 1282 745 Ἀθηναίοισι

149 765 253 826 ταύτα
268 756 425 844 ποιήσασι
440 755 517 837 τούς
531 757 678 844 κη’ρυκας
694 757 872 846 συνήνεικε
888 756 1095 848 ἀνεθέλητον
1110 762 1282 846 γενέσθαι,

150 859 212 929 οὐκ
228 865 290 947 ἔχω
307 859 414 944 εἶπαι,
438 859 524 947 πλην
542 857 592 927 ότι
607 865 722 946 σφέων
739 855 768 949 ἡ
778 861 868 948 χώρη
890 864 943 930 καλ
966 860 1094 951 ἡπόλις
1115 861 1280 951 ἐδηλώθη·

149 961 234 1032 ἀλλὰ
254 969 352 1031 τοῦτο
373 960 414 1030 οὐ
429 961 485 1031 διὰ
505 963 630 1049 ταύτην
644 961 704 1050 τὴν
727 969 837 1052 αἰτίην
852 967 956 1034 δοκέω
971 969 1140 1052 γενέσθαι.
1189 973 1280 1034 Τοῖσι
1292 972 1348 1033 134

151 1068 186 1136 δὲ
202 1057 250 1134 ὦν
262 1070 553 1154 Λακεδαιμονίοισι
569 1071 665 1152 μῆνις
679 1068 864 1155 κατέσκηψε
881 1075 1092 1157 Ταλθυβίου,
1108 1074 1166 1138 τοῦ
1183 1065 1279 1154 Ἀγα-

150 1169 313 1258 μέμνονος
328 1171 482 1256 κήρυκος.
518 1171 555 1236 ἐν
568 1167 631 1256 γὰρ
646 1165 786 1257 Σπάρτη
808 1173 876 1238 ἐστὶ
896 1178 1091 1259 Ταλθυβίου
1106 1172 1194 1260 ἱρόν·
1220 1173 1284 1240 εἰσὶ

152 1273 187 1341 δὲ
209 1273 264 1340 καὶ
286 1269 446 1358 ἀπόγονοι
468 1279 682 1359 Ταλθυβίου,
714 1273 947 1361 Ταλθυβιάδαι
962 1275 1173 1362 καλεόμενοι,
1199 1289 1284 1342 τοῖσι

153 1381 191 1444 ni
202 1383 382 1464 κηρυκηΐαι
404 1380 441 1443 al
460 1377 496 1442 ἐκ
517 1375 677 1461 Σπάρτης
700 1379 801 1443 πᾶσαι
822 1375 921 1465 γέρας
942 1377 1107 1447 δέδονται.
1144 1375 1225 1466 μετὰ
1247 1378 1284 1446 δὲ

152 1581 348 1642 deIIcerentur‚
364 1585 394 1630 nt
407 1580 524 1629 traditur·
537 1580 564 1628 in
577 1579 693 1630 Belrlreri

152 1649 271 1702 Anecdd.
283 1649 331 1698 Gr.
345 1649 475 1714 pag.2lil.
498 1649 538 1698 De
554 1664 607 1712 quo
620 1655 693 1698 vete-

153 1735 210 1770 rnrn
230 1720 386 1768 testimonii
402 1718 504 1766 dabunt
519 1719 618 1766 Maure.
635 1723 692 1770 Att.

153 1790 243 1838 Lecti,
261 1788 290 1849 1,
308 1789 357 1848 25,
381 1786 570 1836 wacusmuth:
585 1787 692 1838 Hellen.

153 1856 350 1908 Altertbumsk.
364 1855 402 1905 11.
415 1871 441 1918 p.
455 1858 521 1916 2111,
536 1855 565 1903 C.
580 1855 611 1903 F.
626 1856 694 1904 Her·

154 1942 250 1976 mann:
263 1924 369 1975 Griecb.
382 1923 585 1974 Staatealtertlr.
597 1927 620 1986 5.
636 1925 694 1974 144.

154 2001 209 2046 not.
224 1996 250 2046 8.
268 2021 302 2032 -
323 1995 355 2042 In
371 2008 445 2058 seqq.
463 1992 499 2042 ad
520 2007 613 2042 vocem
630 1986 694 2040 oiva-

154 2064 294 2128 θέλητον,
316 2078 369 2127 qua
387 2066 460 2112 triste
474 2063 600 2127 quidpiam
613 2077 635 2116 s.
651 2077 695 2110 ca·

154 2137 255 2183 lumilas
279 2131 463 2197 significatur,
493 2131 549 2181 vid.
570 2135 638 2181 nott.
661 2130 696 2180 ad

155 2203 224 2264 VII,
241 2203 284 2252 88.
322 2202 433 2256 Nescire
453 2201 523 2250 enim
549 2215 578 2249 se
595 2201 696 2250 Noster

155 2273 224 2322 dicit
251 2287 337 2336 neque
364 2270 426 2320 inde
458 2268 580 2318 indicare
604 2285 696 2333 posse,

156 2341 220 2406 quid
244 2341 307 2390 muli
330 2338 542 2390 Atheniensibus
564 2339 696 2390 acciderit

157 2425 272 2476 quamve
287 2408 468 2459 calamitatem
482 2408 557 2474 passi
573 2410 643 2470 sint,
657 2407 697 2457 di-

155 2482 259 2530 vinitus
274 2477 379 2530 scilicet
393 2479 537 2538 inflictam,
553 2477 622 2541 quod
633 2479 697 2526 Per-

155 2565 244 2600 sarum
258 2563 415 2613 praecones,
430 2549 516 2613 utqui
529 2545 695 2596 Graecorum

155 2635 187 2669 ex
198 2621 255 2670 iura
268 2617 441 2668 inviolabiles
455 2621 534 2667 erant
544 2631 576 2666 uc
587 2615 696 2666 deorum

155 2689 205 2739 sub
225 2687 313 2738 tutela
337 2687 419 2752 positi
441 2677 551 2750 (όσυλοι
572 2677 600 2732 δ’
621 2671 695 2748 ἦσαν

155 2753 202 2806 καλ
220 2749 287 2821 ἐξῆν
303 2752 402 2812 αὐτοῖς
422 2747 581 2818 πανταχόσε
602 2745 695 2810 ἀδεῶς

156 2823 240 2888 ἰέναι,
255 2832 326 2876 teste
337 2825 440 2874 I'oliuc.
451 2825 529 2885 VIII,
541 2823 602 2882 lain
617 2823 695 2888 plura

155 2897 211 2945 vid.
231 2896 304 2960 apud
324 2894 354 2944 C.
367 2894 398 2943 F.
412 2895 562 2943 Hermann:
584 2891 693 2945 Griech.

155 2962 359 3016 Staatsalterth.
377 2966 402 3025 5.
423 2963 449 3017 8,
470 2969 525 3014 not.
547 2961 587 3013 16.
608 2965 632 3024 5.
654 2963 695 3012 10.

157 3040 214 3084 not.
225 3035 250 3096 3,
265 3033 443 3082 Osterrnann:
463 3032 505 3080 Da
517 3032 696 3095 praeconibus

157 3103 270 3154 Graeco.
298 3100 435 3165 Msrburg.
465 3101 541 3150 1815.
569 3115 634 3164 pag.
665 3101 695 3149 15

157 3171 256 3237 seqq),
272 3177 327 3218 tarn
342 3169 410 3219 male
421 3169 601 3220 tractaverint
615 3167 696 3218 adeo-

157 3256 211 3306 que
235 3239 423 3290 interfecerint
444 3237 606 3288 acdeorum
628 3239 696 3286 irarn

156 3309 220 3360 inde
243 3311 270 3359 in
292 3325 322 3358 se
344 3308 540 3366 excitaverint,
566 3307 696 3356 iniuriam

156 3378 337 3446 praeconibus
363 3377 468 3426 illatam
493 3375 696 3426 ulciscentium:

157 3449 258 3500 etenim
271 3446 445 3496 diiudicanda
458 3444 524 3494 baec
539 3453 601 3495 sunt
614 3460 646 3493 err
664 3458 697 3492 es

156 3520 250 3570 Nostri
260 3516 410 3578 sententia,
424 3515 522 3579 quoii,
536 3514 582 3578 qui
597 3515 697 3563 iniuste

157 3594 244 3651 agunt
266 3586 394 3651 legesque
414 3585 521 3635 divinas
541 3589 624 3647 atqua
649 3583 698 3630 bu·

157 3673 252 3708 menas
266 3655 421 3722 negligunt,
441 3668 543 3718 poenas
561 3651 639 3702 luunt
651 3666 698 3700 ca-

156 3726 326 3777 lamitatibus
346 3723 481 3774 divinitus
504 3721 633 3771 immissis
657 3725 699 3769 ct-

158 3811 212 3861 qne
226 3797 287 3861 ipsa
297 3795 382 3844 divini
392 3793 509 3842 numinis
520 3791 611 3842 omnia
622 3795 698 3840 tuen·

158 3867 195 3914 tis
207 3867 250 3915 vis
262 3879 294 3914 eo
305 3863 466 3924 continetur,
479 3860 550 3926 quod
563 3874 699 3924 quamque

156 3933 286 3984 iniuriam
299 3933 376 3998 punit
386 3946 522 3996 praveque
530 3936 643 3995 agentes
654 3943 698 3978 ca-

71 4007 76 4016 '
159 4003 329 4052 inmitatibus
339 4001 427 4050 allicit
436 4000 645 4065 prosternitque.
657 3995 699 4048 Ad

158 4072 229 4122 banc
253 4071 335 4136 igitur
360 4085 471 4120 cansam
496 4069 616 4119 divinam
639 4083 700 4116 cum

158 4141 256 4191 reierri
275 4139 412 4190 Herodoto
432 4137 504 4187 lrand
528 4148 608 4201 posse
627 4136 702 4186 vide·

159 4215 234 4259 retur
260 4209 321 4273 ipsa
338 4207 504 4257 Athenarum
529 4206 646 4270 direptio
666 4219 708 4262 ac¹

160 4279 297 4338 vastatio,
319 4281 414 4340 postea
430 4279 526 4326 secuta
543 4279 572 4324 et
587 4275 648 4324 aliis
667 4289 700 4323 ex

159 4348 251 4398 causis
281 4346 389 4396 iucilius
414 4343 590 4408 explicanda,
619 4343 700 4392 aliam

160 4417 349 4469 calamitatem
370 4412 581 4464 Atheniensibus
604 4413 702 4463 divini·

744 1588 788 1630 tus
806 1583 937 1631 iuflictam
955 1581 989 1631 ob
1005 1597 1155 1646 praecones
1169 1583 1284 1634 interie-

744 1661 804 1700 ctos
828 1667 857 1701 se
888 1652 997 1701 novisse
1024 1657 1120 1716 negat:
1152 1653 1283 1717 Spartani

744 1720 808 1784 qnid
818 1721 931 1770 eandem
942 1721 1040 1770 obrem
1053 1725 1129 1786 passi
1138 1724 1208 1784 sint,
1220 1724 1284 1772 inde

745 1805 761 1837 a
777 1804 837 1852 cap.
861 1792 909 1838 134
929 1796 957 1838 et
977 1805 1053 1854 seqq.
1075 1794 1228 1856 exponitur.
1248 1818 1279 1828 -

743 1851 872 1921 έδηϊιόθη
896 1873 956 1908 cum
981 1859 1126 1910 Sebaeiero
1152 1861 1284 1911 dederunt

744 1927 908 1976 recentiores
924 1927 984 1977 edd.
999 1943 1048 1992 pro
1062 1920 1188 1994 ἐδηηόθη.
1220 1931 1283 1980 Vid.

745 1995 859 2044 Bredov.
871 2011 898 2058 p.
911 1997 959 2044 114
970 2001 998 2044 et
1009 1997 1080 2048 coni.
1092 1998 1194 2048 Herod.
1205 2000 1283 2057 VIII,

745 2063 788 2114 33.
799 2063 843 2114 50.
857 2065 913 2114 121.
926 2065 973 2118 Vl,
986 2065 1033 2116 135
1047 2073 1074 2114 et
1085 2066 1207 2116 Duncan.
1217 2068 1283 2117 Lex.

746 2135 856 2183 Homer.
871 2133 913 2184 ed.
929 2133 1005 2182 Rost.
1019 2133 1041 2182 1.
1057 2149 1117 2198 pag.
1133 2137 1194 2188 275.

779 2194 848 2250 ἀλλὰ
860 2193 987 2250 roriconi
1000 2198 1164 2266 διὰταύτην
1176 2195 1228 2268 τὴν
1241 2197 1285 2252 αἰ-

745 2269 810 2334 τίην
834 2265 923 2319 δοκέω
948 2264 1098 2336 γενέσθαι]
1129 2275 1182 2334 Qui
1208 2273 1283 2323 locus

746 2341 819 2391 clare
837 2347 1048 2399 commonstrat,
1068 2342 1195 2393 Nostrum
1209 2343 1284 2407 vulgi

745 2410 985 2476 superstitionibus
1004 2425 1058 2460 non
1076 2411 1130 2468 ita.
1152 2418 1182 2460 ut
1200 2411 1283 2476 vulgo

746 2480 880 2552 clamant,
899 2485 1009 2543 captum
1023 2480 1109 2531 luisse
1123 2497 1172 2531 nec
1186 2482 1226 2530 ita
1239 2482 1285 2532 ob·

745 2551 869 2598 strictum
881 2549 1020 2612 religione,
1035 2565 1088 2614 quo
1100 2553 1197 2612 nrinus,
1208 2551 1284 2615 quid-

745 2619 809 2684 quid
823 2625 920 2682 sponte
939 2623 1022 2682 atque
1042 2621 1161 2668 eeausia
1176 2635 1285 2683 praecc-

746 2689 873 2737 dentibus
886 2689 1039 2738 necessario
1054 2692 1183 2752 consequi
1201 2705 1284 2754 appe-

746 2763 830 2819 reret‚
863 2756 896 2806 ιιδ
925 2756 1043 2806 divinam
1069 2758 1204 2822 quandam
1229 2760 1284 2807 vim
1337 2787 1340 2794 ι

745 2828 836 2876 ornnia
856 2827 1039 2876 moderantem
1062 2826 1163 2876 reierre
1182 2827 1285 2888 mallet,

746 2899 774 2946 in
789 2897 860 2946 veris
875 2911 962 2946 rernm
975 2899 1067 2946 causis
1081 2896 1246 2960 indagandis
1257 2904 1290 2955 et¹

745 2966 950 3030 perscrutandis
964 2981 1042 3015 unrcc
1057 2975 1216 3030 occupatus.
1243 2968 1286 3016 'I'n

745 3037 781 3086 ci.
797 3037 880 3086 etiarn
896 3035 958 3097 VII,
975 3036 1031 3086 1³7.

901 3205 966 3256 cn.
983 3203 1132 3255 cxxxrv.

780 3295 1038 3369 biberuntque
1055 3305 1221 3372 rainnero„
1235 3305 1287 3358 wa

743 3369 945 3438 Ἀγαμέμνονος
955 3374 1091 3441 κήρυκος]
1107 3378 1208 3442 Attigit
1219 3377 1286 3429 baec

747 3444 874 3494 Eustatlr.
888 3441 923 3493 ad
936 3445 979 3498 Ili.
997 3446 1019 3494 I.
1037 3461 1063 3508 p.
1081 3447 1142 3508 110,
1158 3449 1191 3496 ru
1204 3465 1226 3498 s.
1242 3449 1285 3505 aa,

746 3513 790 3562 ⁶20.
814 3513 900 3576 μῆνις
913 3519 955 3562 est
966 3519 1006 3566 ira
1017 3513 1157 3579 'Palthybii
1169 3533 1191 3566 s.
1201 3519 1287 3578 pincu-

746 3585 803 3640 icru,
815 3581 889 3646 quod
900 3599 916 3631 a
929 3584 1077 3648 Talthybio
1087 3587 1115 3634 in
1128 3589 1185 3636 eius
1197 3593 1287 3650 poste-

747 3667 791 3702 ros
808 3652 932 3715 transiit,
958 3655 1005 3718 qui
1024 3659 1051 3702 et
1064 3654 1117 3719 ipsi
1139 3670 1287 3719 praecones

748 3721 823 3771 inere
834 3735 883 3784 pro
894 3737 926 3772 eo
937 3739 1019 3782 more,
1028 3739 1061 3772 err
1074 3739 1127 3788 quo
1137 3725 1198 3774 lruic
1210 3726 1287 3788 genti

747 3791 799 3840 hoc
814 3806 909 3840 munus
921 3792 974 3842 init
988 3794 1134 3858 proprium.
1163 3793 1224 3842 Vid.
1239 3796 1287 3855 Vl,

748 3863 782 3912 uc
792 3859 884 3924 ibique
894 3861 980 3922 allata
990 3869 1017 3913 et
1027 3862 1099 3912 coni.
1109 3862 1287 3912 Gabriel:De

749 3931 915 3994 magistratt.
932 3931 1150 3982 Lacedaemona.
1167 3946 1227 3995 pag.
1243 3933 1286 3980 ¹21.

749 4000 819 4050 Sunt
831 4014 895 4050 vero
915 3999 982 4050 talia
997 4017 1030 4051 ex
1049 4016 1082 4050 aa
1094 4008 1216 4052 veterum
1229 3999 1288 4062 opi·

750 4071 830 4119 nione
852 4068 1044 4130 diiudicanda,
1068 4084 1122 4134 qua
1146 4071 1288 4133 parentum

749 4137 856 4202 culpam
876 4141 993 4203 posteris
1014 4135 1144 4188 luendam'
1160 4153 1220 4186 esse
1239 4153 1289 4200 pu·

751 4208 857 4258 tabant.
890 4210 931 4259 De
950 4224 1003 4272 qua
1022 4207 1076 4256 vid.
1089 4221 1158 4269 qnae
1173 4205 1289 4256 diximus

751 4292 833 4340 supra
845 4277 881 4346 ad
894 4279 915 4332 1.
927 4278 969 4326 111.
981 4278 1028 4338 VI,
1038 4276 1082 4336 811,
1094 4275 1123 4326 3;
1145 4273 1206 4327 add.
1220 4277 1290 4326 Nae·

751 4345 892 4410 gelsbach:
904 4348 925 4396 N
930 4343 1148 4396 aclrhomerische
1158 4343 1290 4410 Tlreolog.

752 4431 813 4481 pag,
826 4417 867 4465 :in
889 4417 1022 4482 Spectant
1031 4413 1082 4464 truc
1093 4427 1209 4479 quoque,
1221 4429 1291 4481 quae
