3062 4986
116 314 123 326 ’
209 349 270 414 scr

647 348 915 414 HERODOTI

208 530 268 594 τοῦ
289 521 499 612 Καμβύσεω,
525 529 585 592 τοῦ
613 531 788 610 Τεΐσπεος,
811 531 872 596 τοῦ
888 523 1096 615 Ἀχαιμένεος
1117 523 1280 614 γεγονώς,
1301 527 1347 615 μὴ

210 724 281 775 aliis.
314 727 353 775 Ac
377 725 512 790 reperitur
534 725 561 774 in
583 740 632 774 cra
650 725 754 776 codicis

209 795 340 848 Medicei,
352 799 422 845 teste
437 795 591 853 Gronovio,
604 794 671 845 haee
686 795 755 846 Xer·

210 866 252 913 xis
274 864 372 928 geneal
410 867 450 914 ia:
480 857 657 928 Ἀαιμέυος,
691 862 753 914 Τεΐ-

214 948 302 998 anne,
316 933 380 996 Καμ
401 927 484 996 ύσης,
524 931 606 996 εἶρος,
620 928 752 998 Telemus,

204 994 332 1066 Ἆρμυης,
342 995 689 1068 Ἀρσαμένης,“ΐοτύσπης,
698 1007 753 1052 Δυ-

213 1075 301 1134 peior,
317 1067 434 1138 Ξέρξης.
468 1073 569 1124 Galeas
583 1079 698 1124 stemma
712 1089 754 1123 rc-

212 1159 274 1209 gnm
285 1143 427 1194 Persarum
440 1159 526 1208 usqne
538 1143 698 1206 adlterxem
710 1144 753 1193 de-

212 1213 360 1278 scripserat
370 1229 429 1263 cnm
442 1215 469 1262 in
480 1213 602 1262 modum:
617 1214 752 1264 Achaeme-

212 1300 269 1342 nes,
286 1283 417 1348 Cambyses
432 1283 463 1344 l,
479 1283 560 1346 Cyrus
574 1283 596 1330 I.
625 1283 724 1346 Cyrum
739 1281 752 1330 1

213 1354 356 1418 excipiunt
367 1351 500 1418 Cambyses
510 1351 544 1400 II
553 1357 579 1401 et
592 1353 707 1414 Teispes:
723 1351 755 1401 il-

212 1423 266 1473 lnm
282 1423 363 1487 Cyrus
374 1421 408 1470 11
417 1429 444 1472 et
455 1421 588 1488 Cambyses
599 1421 660 1485 III,
680 1421 752 1470 bunc

216 1497 362 1556 Aeternum,
376 1492 511 1552 Arsames,
527 1491 686 1558 Hystaspes,
699 1491 754 1540 Da-

213 1565 274 1624 rius,
287 1561 401 1612 Xerxes.
414 1559 569 1624 Bellauger.
578 1561 606 1610 in
615 1566 671 1611 not.
681 1560 754 1626 apud

214 1631 341 1682 Larcher.
358 1635 422 1680 ante
436 1629 487 1678 τού
502 1623 600 1692 Κύρου
613 1631 684 1695 apud
698 1629 754 1679 He·

213 1702 338 1752 rodotnm
350 1701 485 1751 excidisse
496 1705 578 1782 putat
593 1691 677 1764 μηδὲ,
701 1715 754 1764 quo

214 1772 267 1822 sihi
280 1775 447 1835 congruant:
466 1785 509 1833 μη
523 1762 575 1833 γὰρ
585 1768 648 1833 εἴην
657 1759 686 1818 ἐκ
697 1772 753 1817 Δα-

214 1839 292 1904 ρείου
304 1866 338 1876 -
351 1835 438 1903 μηδὲ
458 1839 511 1888 τού
527 1834 637 1905 Κύρους
661 1855 708 1904 qne
721 1840 754 1901 je

213 1928 244 1961 ne
254 1913 306 1960 sois
317 1925 368 1973 pas
377 1911 418 1966 rils
431 1911 464 1959 de
478 1910 584 1974 Darius,
605 1911 647 1972 qui
659 1911 700 1962 lar
711 1911 755 1972 fila

213 1982 240 2034 οῖ’,
251 1981 395 2044 Hystaspes
412 1984 464 2032 etc.
486 1982 513 2028 ni
527 1995 559 2028 nn
584 1980 629 2030 des
649 1980 753 2028 deseen-

213 2050 320 2099 deusde
335 2050 432 2115 Cyrus,
449 2051 495 2116 qui
510 2050 553 2100 lut
570 2047 611 2098 fils
631 2048 663 2098 dc
676 2048 754 2098 Cam-

213 2119 293 2185 byses
306 2124 357 2170 etc.
386 2120 418 2170 In
431 2133 513 2186 quam
522 2118 636 2169 eundern
648 2122 754 2168 senten-

212 2192 279 2240 tiam
296 2189 431 2239 inciderat
450 2189 601 2239 Salmasius
618 2188 752 2238 Exercitt.

212 2259 301 2310 Plinn.
315 2273 377 2324 pag.
392 2259 452 2310 833.
490 2259 526 2308 At
539 2263 628 2321 recte,
649 2257 753 2323 siquid

212 2329 307 2393 rideo,
323 2329 478 2394 obloquitur
486 2328 648 2388 Laroherns,
663 2327 753 2392 Cyrum

213 2399 355 2463 Cambysis
369 2405 475 2464 patrem
496 2413 527 2448 ac
543 2397 650 2461 Teispis
669 2411 752 2460 nepo—

212 2475 265 2520 tem
275 2485 335 2520 oum
348 2469 434 2520 altero
445 2467 530 2532 Cyro,
545 2465 686 2530 Cambysis
697 2464 752 2515 lilio

212 2540 369 2604 Persicique
377 2532 453 2602 logni
461 2536 611 2598 condItore,
621 2535 752 2585 conlundi

212 2609 347 2660 iudicans.
379 2607 454 2657 Idem
473 2605 536 2656 inde
550 2610 664 2654 stemma
680 2603 754 2654 exhi·

212 2680 258 2729 het
277 2680 310 2728 ab
333 2694 380 2739 ea,
410 2690 480 2740 quae
503 2674 574 2738 apud
590 2673 753 2738 Aeschylum

213 2748 332 2798 traditur
352 2748 426 2797 Pers.
450 2743 499 2794 762
523 2743 581 2792 sire
605 2745 652 2793 771
676 2759 752 2808 seqq.

212 2814 358 2868 Blomfield.
379 2813 437 2880 (ubi
456 2813 558 2862 Medum
579 2812 596 2859 i.
614 2827 636 2862 e.
654 2811 753 2875 Astya-

212 2901 287 2952 gem,
307 2886 421 2950 primum
436 2881 545 2944 ducem,
564 2881 666 2945 excipit
681 2881 752 2931 filins

213 2955 367 3018 Oyaxmes,
403 2953 465 3002 dein
492 2951 590 3002 tertius
615 2951 696 3016 Cymes
724 2956 752 3001 et

213 3026 271 3074 eius
301 3023 372 3074 filins
400 3023 534 3087 Canrbyres
564 3026 692 3085 quartus,
722 3025 749 3071 et

212 3094 322 3144 Smerdes
333 3093 443 3158 quintus
453 3089 512 3154 rex)
522 3091 606 3155 stirpe
618 3089 698 3141 valde
711 3091 750 3140 di-

211 3179 330 3226 versum,
343 3163 390 3213 sed
403 3177 463 3212 cum
477 3177 517 3224 eo,
534 3159 607 3226 quod
618 3175 652 3210 ex
663 3159 748 3210 Celso

212 3233 291 3284 modo
310 3232 492 3294 exhibuimus,
521 3240 630 3296 prorsus
650 3245 749 3282 conve-

212 3304 303 3364 niens,
316 3303 370 3353 nisi
385 3301 457 3367 quod
471 3305 533 3366 post
544 3299 748 3360 Achaemenem,

211 3375 301 3440 gentle
312 3373 439 3436 abarum,
453 3372 536 3422 infert
550 3371 669 3433 Peterem.
695 3371 748 3420 Nc-

211 3442 372 3493 reminsem
387 3441 428 3492 his
442 3442 535 3492 attulit
548 3441 690 3504 inscriptio
701 3441 748 3490 Bi·

210 3519 326 3575 sntuua,
349 3527 363 3563 e
383 3527 437 3576 qua
453 3508 585 3562 nonnulla
607 3511 641 3560 ad
656 3525 748 3576 regum

209 3583 304 3633 horum
327 3583 437 3646 stirpem
459 3581 612 3644 spectantia
631 3579 750 3630 Boulin-

210 3669 259 3704 son
269 3653 331 3702 olim
342 3651 589 3702 communicaverat
598 3664 656 3698 cnm
664 3650 749 3698 Ham-

210 3737 297 3784 mero,
309 3722 356 3787 qni
366 3720 434 3771 hoec
443 3722 503 3784 Ipsa
513 3723 640 3770 accurate
651 3734 748 3770 conve·

210 3794 268 3842 nIre
282 3792 425 3842 admonuit
438 3805 497 3840 cam
513 3789 562 3850 iis,
579 3803 649 3853 quae
662 3789 690 3837 in
706 3804 747 3839 rc-

209 3863 360 3913 csntioram
373 3860 515 3910 Persarum
531 3857 640 3922 scriptis
651 3857 684 3908 de
696 3857 748 3909 bac

209 3934 286 3998 regia
302 3931 387 3996 stirpe
406 3929 565 3979 tradunturr
591 3927 646 3979 rid.
657 3928 746 3980 Wian.

208 3998 486 4055 retribuamus.
504 4013 567 4062 pag.
584 3996 615 4047 lb
627 4013 702 4063 seqq.
719 4002 746 4049 et

208 4072 281 4124 coni.
290 4073 395 4122 Lassen
405 4071 446 4118 iu:
457 4065 616 4119 zeitschrift
623 4067 745 4118 Aliunde

805 727 943 792 Hystaspis
956 727 1126 793 (Vistbcpa),
1148 729 1195 794 qni
1207 729 1263 778 suit
1275 727 1347 778 lilius

803 797 919 847 Arsanus
943 795 1100 860 (Arsbma),
1128 799 1176 862 qui
1198 799 1252 847 init
1276 798 1347 847 tillus

803 867 966 918 Arn'arnmnr‘s
983 865 1195 932 (Ar4ynrdmnn),
1222 867 1269 934 qui
1294 867 1347 916 fnit

803 935 875 988 filius
899 935 999 998 Templa
1029 935 1175 1000 (Campis),
1204 937 1250 1001 qui
1274 936 1347 985 lilius

802 1008 855 1058 luit
868 1007 1031 1056 Achaemenis
1043 1005 1249 1071 (Haklrdmanis).
1270 1005 1346 1068 Quae

803 1092 884 1142 quam
897 1080 1026 1130 accurate
1037 1091 1097 1126 cnm
1107 1077 1270 1126 Herodoteis
1282 1089 1346 1125 cors-

803 1147 930 1206 reniant,
949 1159 1027 1196 nemo
1046 1161 1099 1195 non
1115 1146 1203 1196 videt:
1226 1145 1278 1196 boc
1290 1160 1345 1195 uno

803 1215 978 1278 offendimur,
999 1216 1072 1282 quod
1090 1215 1162 1280 apud
1176 1213 1346 1265 Herodotum

803 1289 867 1352 post
880 1283 932 1334 τού
950 1281 1087 1342 Τεΐσπεος
1101 1287 1270 1336 inseruntur:
1292 1281 1345 1333 τού

805 1347 916 1417 Κύρου,
943 1352 996 1403 τού
1013 1346 1183 1420 Καμβύσεω,
1209 1351 1261 1402 τού
1284 1349 1345 1402 Τεΐ-

805 1437 899 1488 σπεος,
909 1441 969 1474 cum
980 1439 1066 1489 noque
1074 1425 1159 1489 Cyrus
1171 1438 1258 1488 neque
1266 1423 1345 1472 Cam-

804 1495 885 1559 byses
910 1495 981 1544 inter
1003 1495 1082 1544 Darii
1107 1493 1223 1544 maiores
1248 1492 1345 1543 reterri

804 1565 892 1629 possit
906 1565 1048 1628 ipsumque
1061 1564 1206 1628 repetitum
1218 1559 1270 1612 τού
1280 1559 1345 1610 Ter-

806 1646 891 1690 οπεος
905 1635 1087 1698 suspicionem
1101 1633 1246 1697 praebeat,
1262 1647 1343 1696 qnam

804 1705 890 1768 ipsam
907 1703 966 1753 tolli
980 1703 1051 1752 haud
1064 1709 1191 1768 putamus
1205 1717 1252 1765 eo,
1273 1701 1344 1766 quod

803 1774 832 1822 in
845 1772 939 1824 eadem
950 1773 1129 1838 inscriptione
1141 1771 1190 1822 illa
1200 1772 1302 1822 Darius
1314 1787 1343 1819 re

803 1857 890 1892 nonum
906 1858 995 1909 regem
1012 1847 1108 1904 vocat,
1122 1851 1276 1906 antequem
1286 1849 1343 1890 cero

803 1911 906 1962 fuerint
929 1929 1006 1978 reges
1033 1911 1154 1962 eiusdem
1175 1913 1285 1976 stirpis:
1313 1910 1343 1959 id

804 1984 873 2032 enim
889 1999 949 2032 cum
960 1981 1076 2033 ltoethio
1090 1979 1201 2046 (Gescb.
1215 1979 1241 2033 d.
1251 1979 1343 2031 Philo-

804 2051 917 2117 sopb.1.
934 2067 961 2116 p.
977 2051 1027 2104 388
1041 2049 1129 2117 seqq.)
1144 2051 1179 2100 ad
1194 2051 1291 2100 seriem
1302 2065 1343 2100 re-

803 2138 867 2187 gum
891 2122 1098 2171 Bactrianorum
1124 2125 1250 2186 spectare
1271 2119 1342 2168 arbi·

804 2189 922 2254 tramur',
947 2191 1064 2242 alienam
1082 2189 1158 2240 illam
1180 2189 1288 2256 quidem
1307 2188 1341 2238 ab

803 2276 845 2324 ea,
859 2276 928 2326 quae
940 2259 966 2314 h.
976 2261 994 2313 1,
1005 2261 1131 2324 traditur,
1143 2261 1286 2312 Persarum
1300 2275 1342 2308 re-

802 2346 864 2395 gum
875 2333 975 2396 stirpe:
986 2330 1032 2380 sed
1043 2329 1206 2394 intelligitur
1216 2329 1279 2378 inde
1290 2328 1342 2377 for·

802 2401 885 2464 sitan,
899 2400 946 2465 qni
955 2400 1058 2450 Iactum
1070 2401 1115 2462 sit,
1131 2403 1161 2448 ut
1173 2399 1225 2448 hoc
1236 2413 1342 2463 quoque

801 2469 861 2520 loco
874 2477 928 2520 octo
940 2485 1017 2535 reges
1029 2475 1092 2520 aute
1103 2467 1216 2518 Darium
1228 2483 1342 2518 comme·

803 2544 948 2591 morentur.
969 2540 1077 2590 Etenim
1088 2533 1232 2588 verberari
1243 2529 1342 2600 Κύρου

802 2606 853 2657 τοῦ
860 2601 1016 2675 Καμβύσεω
1026 2606 1076 2657 τοῦ
1087 2603 1223 2664 Τεΐσπεος
1233 2608 1260 2656 in
1269 2605 1341 2654 hune

803 2693 895 2742 regum
913 2678 1030 2729 indicem
1047 2693 1095 2744 per
1112 2692 1228 2728 errorem
1246 2677 1340 2740 utiquo

802 2749 916 2798 inducta
932 2748 1074 2810 videntur,
1093 2747 1151 2796 sire
1169 2746 1339 2796 librariorum

802 2817 881 2882 culpi
905 2819 977 2880 sive,
1009 2816 1080 2883 quod
1105 2816 1214 2866 credere
1240 2815 1340 2878 malim,

801 2887 887 2951 ipsius
899 2887 1041 2950 Herodoti,
1056 2887 1111 2952 qui,
1123 2901 1193 2950 qnae
1207 2885 1247 2934 ita
1263 2901 1340 2934 soce·

802 2962 892 3022 perat,
919 2956 1015 3008 retulit
1035 2963 1083 3006 ent
1100 2971 1170 3020 quae
1188 2955 1216 3004 in
1235 2953 1339 3004 duabus

801 3027 968 3092 genealogiis
985 3032 1050 3077 ante
1068 3041 1097 3076 se
1114 3025 1213 3090 positis
1231 3025 1340 3076 invene·

801 3101 860 3158 rat,
892 3097 1067 3148 coniunxisse
1092 3095 1136 3145 vel
1159 3095 1251 3159 potins
1274 3109 1340 3144 con-

799 3165 902 3217 fudisse
922 3164 1061 3232 putandus
1084 3169 1139 3215 est:
1169 3163 1268 3229 duplex
1292 3179 1339 3214 au-

800 3241 854 3286 tem
870 3241 985 3286 stemma
998 3233 1079 3297 illud,
1095 3239 1206 3284 auctore
1219 3233 1340 3299 Opperto

801 3304 925 3371 (Journal
944 3305 1085 3370 Asiatiquc
1111 3305 1169 3354 Ser.
1188 3303 1235 3354 1v.
1260 3305 1339 3354 Tom.

800 3376 887 3426 XVII.
898 3391 925 3440 p.
936 3376 987 3426 265
1000 3390 1076 3440 seqq.
1088 3374 1135 3424 271
1150 3373 1210 3424 coll.
1223 3371 1342 3424 Reulin-

800 3460 866 3495 sone
877 3445 920 3495 iu:
936 3443 1052 3496 Journal
1063 3443 1092 3493 oi
1101 3442 1217 3508 Asiatiq.
1230 3442 1340 3506 Society

800 3515 848 3578 XI,
861 3516 884 3566 1.
897 3530 924 3579 p.
941 3513 1001 3578 149)
1015 3515 1055 3564 sic
1068 3511 1207 3564 sehabet:

937 3583 946 3596 ⁰
975 3583 1159 3634 Achaemenes

1010 3721 1126 3786 Teispes

823 3790 1311 3830 r———M--w

831 3842 1007 3894 Ariaramnes
1140 3841 1290 3904 Cambyses

831 3911 957 3962 Arsames

831 3981 986 4046 Hystaspes

830 4051 932 4102 Darius

1141 3911 1228 3974 Cyrus

1139 3979 1297 4044 Cambyses.

209 4143 234 4194 d.
251 4138 438 4205 Morgenland.
459 4137 497 4188 II.
519 4152 546 4202 p.
568 4135 625 4186 176.
644 4136 697 4188 111.
716 4153 742 4202 p.
794 4137 865 4187 Utut
880 4135 913 4187 de
930 4136 983 4187 hac
1000 4134 1162 4202 genealogia
1176 4135 1291 4194 statuis,
1308 4132 1335 4182 irl

207 4213 267 4264 ⁴52.
294 4211 350 4262 Ubi
364 4225 428 4260 vero
446 4207 506 4272 ipsa
519 4205 661 4270 inscriptio
676 4207 743 4258 iaris
793 4221 875 4256 unum
894 4206 963 4257 satis
981 4205 1044 4256 hinc
1064 4208 1194 4271 apparet,
1220 4203 1334 4253 Darium

207 4281 307 4345 pabIIci
324 4281 400 4331 laeta
412 4281 454 4329 est
472 4275 540 4342 (vid.
556 4279 625 4326 nott.
640 4277 676 4326 ed
688 4277 743 4338 III,
794 4275 887 4327 eadem
916 4291 970 4342 qua
996 4275 1094 4340 Cyrum
1120 4274 1334 4338 Cambysemque

206 4348 266 4412 30),
293 4349 469 4414 intelligimus
493 4345 556 4396 iude
576 4345 690 4396 Darium
714 4347 742 4396 in
793 4346 878 4412 stirpe
897 4346 1040 4397 oriundum
1060 4345 1094 4394 ed
1110 4341 1334 4394 unamaandem-

204 4418 292 4486 prima
311 4418 406 4470 tabula
420 4433 451 4469 se
475 4416 634 4482 praedicare
658 4416 740 4466 tilium
792 4431 843 4480 que
856 4415 1117 4467 Achaemenidarum
1132 4417 1240 4479 gentem
1261 4410 1332 4463 refe-
