3010 4966
486 357 853 456 unnrsrcnoun.
877 360 914 422 v.
938 369 981 424 n.
1239 362 1297 424 ιιι

167 533 222 602 καί
244 534 449 619 Μέλανθον,
478 539 513 601 oi
531 531 695 622 πρότερον
712 532 873 622 ἐπήλυδες
894 532 1003 613 ἐόντες
1022 536 1175 621 ἐγένοντο
1200 531 1297 623 Ἀθη-

162 645 271 706 ναίων
290 639 451 724 βασιλέες.
484 638 539 705 ἐπὶ
559 635 678 706 τούτου
699 637 735 706 δὲ
759 639 814 706 καί
835 633 940 706 τωύτό
960 635 1088 725 οὕνομα
1108 634 1297 727 ἀπεμνημό-

162 761 262 809 νευσε
277 734 494 828 Ἱπποκράτης
507 744 553 832 τῷ
567 742 662 810 παιδί
675 744 801 810 θέσθαι
815 739 873 810 τὸν
886 747 1144 830 Πεισίστρατον,
1169 744 1224 810 ἐπὶ
1238 746 1298 812 τοῦ

162 846 332 932 Νέστορος
345 843 588 932 Πεισιστράτου
601 843 797 933 ποιεύμενος
811 843 871 933 τὴν
884 847 1085 934 ἐπωνυμίην.
1123 841 1221 913 Οότω
1234 845 1297 933 μὲν

160 945 332 1035 Ἀθηναῖοι
353 945 535 1035 τυράννων
552 943 830 1036 ἀπηλλάχθησαν·
859 945 920 1016 ὅσα
948 949 984 1018 di
1010 951 1296 1036 ἐλευθερωθέντες

162 1055 261 1140 ἔρξαν
280 1045 301 1140 ἢ
322 1058 451 1120 ἔπαθον
471 1046 623 1140 ἀξιόχρεα
643 1048 842 1140 ἀπηγήσιος,
868 1053 949 1138 πρὶν
971 1046 992 1140 ἢ
1009 1048 1137 1140 Ἰωνίην
1157 1078 1191 1120 τε
1212 1047 1293 1120 ἀπο-

162 1159 280 1242 στῆναι
298 1151 363 1222 ἀπὸ
378 1162 526 1242 Δαρείου
546 1155 601 1222 καὶ
620 1151 852 1244 Ἀρισταγόρεα
872 1154 930 1224 τὸν
950 1154 1119 1244 Μιλήσιον
1136 1152 1292 1243 ἀπικόμε-

162 1285 224 1326 νον
238 1261 271 1338 ίς
290 1254 432 1346 Ἀθήνας
445 1263 578 1346 χρηίσαι
592 1261 706 1346 σφέων
719 1261 896 1347 βοηθέειν,
919 1263 1023 1328 ταῦτα
1037 1263 1151 1348 πρῶτα
1166 1257 1292 1346 φράσω.

162 1426 257 1491 quinto
270 1424 355 1491 gradu
369 1425 405 1476 ab
421 1424 479 1490 ipso
493 1423 577 1474 Nelco
594 1423 647 1474 lilio
662 1440 703 1476 or·
753 1431 848 1491 gente,
861 1439 954 1491 parem
966 1425 1151 1477 Pisistratidis
1165 1425 1293 1477 interces-

163 1504 208 1546 tus
227 1503 302 1556 erat,
327 1494 405 1546 cuius
424 1493 494 1544 alter
515 1493 587 1543 lilius
605 1494 704 1545 Nestor
753 1496 823 1546 aisse
833 1496 1019 1560 cognationem
1027 1495 1075 1560 (ci.
1083 1496 1166 1545 Besae
1178 1495 1221 1545 l.l.
1230 1512 1291 1562 pag.

161 1563 367 1630 (Periclymenia
380 1564 464 1630 igitur
473 1561 569 1628 irater)
587 1567 643 1615 tres
657 1563 703 1614 he·
755 1564 807 1630 16).
824 1567 847 1615 E
860 1580 914 1630 qun
923 1565 983 1630 ipsa
991 1565 1155 1632 cognatione
1168 1571 1195 1615 et
1205 1571 1292 1616 ortum

162 1636 254 1686 buisse
276 1635 361 1684 fertur
381 1635 468 1696 lilios,
492 1633 703 1696 Thrasymedem
753 1641 781 1686 et
813 1641 920 1685 auctam
954 1651 1014 1686 ease
1044 1633 1203 1684 crediderim
1231 1651 1292 1699 gra-

162 1704 253 1770 (cuiue
272 1719 355 1769 nepos
371 1703 533 1764 Alcmaeon,
555 1701 626 1755 unde
642 1703 702 1754 Alc·
752 1719 812 1755 rem
825 1705 1009 1767 inimicitiam,
1027 1719 1097 1770 quae
1112 1709 1209 1768 posteo
1222 1705 1292 1756 inter

161 1773 345 1838 maeonidem),
357 1772 530 1824 Antilochum
541 1772 624 1836 (unde
635 1773 701 1824 Pas·
751 1779 892 1840 utramque
905 1779 1013 1840 gentem
1028 1789 1114 1838 aeque
1126 1773 1244 1824 nobilem
1258 1789 1291 1824 ac

161 1843 271 1910 onidaa)
291 1848 318 1894 et
337 1843 512 1894 Pisistratum
534 1840 617 1907 (unde
632 1842 703 1892 Pisi·
752 1845 805 1894 sibi
825 1844 1020 1910 quodammodo
1038 1859 1130 1908 parem
1144 1844 1247 1908 erupit,
1267 1844 1292 1894 si

161 1911 702 1977 atratidae):vid.Besse=hlcmaeouidd.
752 1914 860 1979 quidem
884 1915 1076 1978 potentissime
1105 1918 1132 1963 et
1155 1913 1291 1964 ditissima

161 1983 333 2050 psg.dacqq.
357 1981 702 2034 Nelidseelldesseniaeie·
751 1982 1004 2033 Alcmaeonidnrum
1022 1998 1087 2048 gens
1104 1983 1291 2034 Pisistratida-

161 2055 201 2105 cti
213 2055 241 2103 iu
251 2053 371 2102 Atticam
384 2052 582 2118 confugerunt,
598 2052 644 2102 ubi
657 2052 701 2102 be·
752 2068 810 2103 rum
825 2053 938 2118 imperio
954 2068 983 2102 se
998 2053 1133 2102 subiicere
1150 2051 1238 2102 noluit
1249 2054 1290 2103 in·

161 2124 321 2189 uiguissime
330 2123 437 2187 excepti
448 2121 588 2172 civitatem
599 2123 702 2171 omnia·
753 2123 840 2187 deque
853 2123 940 2172 eiecta
950 2127 1000 2174 eat.
1013 2148 1044 2157 -
1055 2120 1097 2170 Ad
1107 2137 1199 2172 vocem
1212 2113 1252 2171 ἐπ
1260 2115 1289 2186 η’-

162 2209 213 2258 que
234 2190 365 2242 nobilium
382 2192 443 2242 iura
459 2192 534 2242 nacti
555 2197 633 2242 eunt:
661 2197 702 2241 at·
753 2191 857 2249 λυδες
885 2189 1026 2255 (aduenae,
1052 2189 1098 2254 qui
1119 2197 1291 2256 opponuntur

162 2279 214 2328 qua
237 2262 346 2312 ridetur
367 2277 433 2312 sana
458 2261 513 2311 iem
535 2259 585 2310 illa
610 2265 702 2311 eeteta
752 2262 812 2318 τοῖς
831 2251 1003 2324 αὐτόχθοσι,
1028 2263 1059 2309 ut
1078 2259 1131 2322 IV,
1154 2263 1203 2312 lili
1226 2261 1288 2316 coll.

160 2331 414 2383 Alcmaeonidurum
431 2330 536 2381 familia
556 2345 622 2394 prae
639 2345 701 2382 cae·
752 2329 896 2394 V111,7:i)
915 2328 986 2381 coni.
1007 2327 1154 2381 Blomfield.
1173 2329 1201 2378 in
1213 2330 1291 2380 Glos-

161 2404 228 2453 tcris
249 2401 352 2452 Nelidis
377 2407 405 2452 et
426 2415 538 2452 nurnero
560 2405 587 2450 et
604 2401 701 2465 opibus
751 2416 806 2454 ser.
823 2400 858 2450 ad
875 2397 1004 2464 Aeschyli
1019 2397 1045 2450 S.
1059 2411 1083 2447 o.
1097 2397 1147 2447 Th.
1167 2396 1209 2448 34.
1236 2399 1291 2450 Cur

163 2472 294 2522 valuisse:
311 2471 347 2522 ci.
357 2473 440 2522 Bessa
449 2469 466 2520 l.
477 2470 493 2520 l.
507 2485 567 2535 ηις.
576 2469 602 2521 9.
623 2469 702 2521 Unde
752 2475 844 2522 autem
856 2470 897 2520 sic
910 2472 1053 2528 vocentur,
1068 2471 1184 2532 apparet
1196 2483 1210 2516 c
1220 2467 1290 2518 Pnu-

161 2557 268 2608 quoque
282 2542 399 2602 facturn,
412 2547 444 2591 ut
454 2541 564 2601 louurn,
580 2539 625 2604 qui
638 2545 701 2604 post
752 2541 848 2590 sanias
860 2538 921 2588 loco
937 2553 1018 2603 supra
1029 2535 1123 2586 allato.
1149 2536 1203 2586 Pro
1214 2533 1292 2602 βασι-

162 2613 279 2664 b'odrum
287 2617 421 2662 mortuum
432 2608 701 2660 annoll30inllsine
751 2607 815 2674 λῆες
839 2607 949 2660 exhibui
969 2597 1106 2685 ρασιλέες,
1132 2609 1161 2656 et
1178 2620 1226 2672 pro
1241 2599 1291 2656 αό-

162 2684 305 2748 oppositae
317 2697 390 2732 oram
402 2680 628 2744 commigrarunt,
646 2678 700 2730 dux
749 2677 821 2730 τέων
833 2678 894 2730 dedi
906 2673 1008 2727 αότων.
1105 2733 1113 2756 ‚
1157 2734 1164 2752 ἢ
1203 2733 1216 2756 u

161 2754 371 2802 constitueretur
392 2751 509 2812 Neleus,
536 2748 630 2798 eedem
652 2748 701 2798 illa
785 2741 831 2799 int
848 2740 950 2798 τούτου
969 2740 999 2796 ri
1014 2739 1062 2794 καί
1077 2757 1166 2822 cupro
1181 2757 1292 2808 ουνομα

162 2828 312 2888 prognatus
325 2822 419 2886 stirpe.
445 2821 558 2870 Praeter
571 2818 700 2869 Larcheri
750 2809 982 2884 ἀπεμνημόνευσε
988 2808 1179 2878 Ἱπποκράτης
1189 2829 1214 2864 τι.
1222 2811 1289 2879 τ.λ,]

160 2901 254 2942 notam
271 2891 306 2942 ad
323 2891 349 2942 h.
366 2889 456 2941 hvid.
474 2888 505 2939 C.
523 2889 555 2939 0.
570 2887 699 2939 Mueller:
749 2891 930 2955 Hippocrates
955 2893 1026 2938 teste
1042 2884 1182 2937 Herodoto
1205 2885 1234 2946 I,
1255 2885 1290 2936 ott

161 2961 320 3014 Orchomen.
339 2975 401 3026 pag.
415 2959 474 3011 ton.
506 2958 699 3010 Pisistratidas
748 2955 1290 3022 Pisistrati,dthenieuaiumtyranni,pn·

161 3047 220 3082 cum
234 3032 350 3082 caeteris
366 3028 470 3080 Nelidis
482 3043 537 3078 non
549 3043 602 3079 una
614 3028 642 3077 in
652 3027 700 3078 nt·
750 3035 791 3082 ter
805 3035 858 3090 σοις
873 3031 919 3095 qui
930 3029 988 3094 ipae
1000 3027 1028 3075 in
1038 3040 1104 3076 suae
1114 3024 1225 3090 originis
1236 3039 1289 3074 me·

160 3103 242 3152 tieem
254 3100 410 3167 conlegisse
421 3098 557 3156 videntur,
570 3097 618 3148 sed
627 3103 701 3163 post·
750 3101 865 3151 moriam
882 3098 939 3149 lilio
951 3111 1048 3148 nomen
1064 3094 1137 3144 dedit
1150 3095 1289 3156 Pisistrati,

161 3189 194 3222 ea
220 3173 326 3223 demum
351 3169 472 3220 Athenas
498 3167 700 3233 commigrasse,
750 3169 861 3220 ducturo
879 3169 913 3218 ab
931 3167 977 3218 illo
992 3165 1155 3226 Pisistrato,
1177 3164 1290 3228 quiNe·

161 3243 207 3292 ubi
219 3242 327 3294 eoadem
341 3239 455 3290 honores
476 3244 559 3304 atque
579 3238 639 3288 iura
653 3238 701 3287 ad·
750 3241 833 3290 storia
850 3237 920 3288 lilius
936 3236 1003 3303 Pylo
1022 3234 1144 3284 Athenas
1160 3233 1290 3308 coniuge-

161 3316 219 3378 epti
239 3315 319 3370 snnt;
346 3310 442 3361 scribit
460 3310 531 3358 enim
548 3309 716 3372 Pausanias¹
749 3313 802 3362 rat.
831 3293 1290 3372 Namqusverbainiroorovmox

161 3383 204 3443 ll,
222 3381 253 3432 18
272 3382 332 3431 tin-2
362 3372 393 3427 οἷ
415 3373 448 3428 δὲ
466 3374 606 3442 Νηλεῖδαι
625 3369 700 3440 πλὴν
750 3378 922 3444 explicantur
935 3371 1231 3441 quodammodoverbis
1243 3362 1289 3420 ini

163 3442 366 3512 Πιαιστράτου,
382 3445 485 3498 τοῦτον
500 3442 552 3512 γάρ
567 3437 620 3496 oin
634 3439 700 3496 cira
748 3451 803 3498 sori
816 3444 960 3510 Νέστορος
973 3435 1174 3507 Πεισιστράτου
1194 3437 1291 3491 ποιεό-

162 3511 238 3586 νιαρ’
269 3509 402 3576 οὕστινας
432 3507 634 3582 ἀπεχώρησεν,
672 3507 701 3574 ές
749 3531 834 3583 μενος
852 3511 904 3580 τὴν
925 3506 1102 3577 ἐπωνυμίην,
1123 3509 1170 3561 ubi
1187 3512 1220 3562 de
1239 3527 1290 3562 usu

158 3582 279 3654 Ἀθηνας
293 3581 434 3652 ἀφίκοντο
450 3580 480 3637 oi
491 3581 588 3636 λοιποί
606 3581 653 3636 καί
667 3580 698 3634 τό
749 3586 962 3654 praepositionis
978 3577 1024 3633 ἐπὶ
1037 3582 1092 3634 vid.
1109 3586 1179 3631 nott.
1194 3580 1228 3631 nd
1242 3581 1290 3643 1v,

162 3656 329 3710 Παιονιδιὸν
350 3651 429 3722 γένος
455 3652 502 3706 καλ
522 3650 699 3720 'stipatoru-
750 3661 784 3708 ro
796 3663 823 3708 st
835 3657 870 3707 ct.
884 3657 918 3718 v,
930 3653 1026 3716 osus,
1040 3652 1073 3702 de
1089 3649 1290 3716 significatione

161 3727 221 3780 riuis
251 3721 309 3780 ἀπὸ
340 3719 450 3778 τούτων
475 3717 698 3791 ω’νομοὶσθησαν.
749 3729 826 3778 vocis
841 3717 985 3789 inservitis
999 3728 1070 3774 nott.
1085 3721 1156 3782 adl,
1175 3721 1215 3774 it.
1240 3721 1288 3770 Gr.

160 3795 317 3856 Meruisse
340 3793 372 3847 δὲ
397 3793 446 3846 καί
471 3789 526 3860 τὴν
555 3791 699 3862 βασιλείαν
751 3799 786 3848 ad
801 3798 867 3848 haec
880 3793 1012 3847 Herodoti
1025 3792 1108 3842 verba
1122 3791 1227 3842 confert
1237 3791 1290 3840 Bu·

162 3863 258 3934 ἔσχεν,
282 3858 459 3933 ἀφελόμενος
478 3863 624 3930 Θυμοίτην
649 3856 700 3913 τὸν
751 3867 836 3920 stath.
853 3866 887 3917 ed
899 3866 997 3931 Odyss.
1012 3862 1070 3924 111,
1084 3862 1144 3911 415.
1162 3875 1223 3938 pag.
1241 3857 1289 3932 1θρ

157 3931 307 4000 Όξόντον·
342 3934 487 4002 Θυμοίτης
519 3928 571 4001 peip
600 3932 699 3998 Θησει-
750 3936 884 3988 Basil-
909 3936 942 3986 ln
960 3948 1034 3997 seqq¹
1052 3931 1148 3995 scripsi
1166 3925 1290 3990 αττηλλα-

160 4007 221 4060 δεῖν
262 4002 377 4073 ἔσχατος
408 4000 585 4072 ἐβασίλευσεν
620 3998 701 4068 Ἀθη-
751 4007 865 4071 χθησαν
881 4021 941 4056 cnm
961 4002 1096 4054 Rredovio
1114 4013 1176 4064 pag.
1194 3997 1289 4076 ²⁹⁴.⁰‘

161 4078 259 4128 ναίων.
296 4079 369 4129 Hinc
387 4079 472 4138 satis,
493 4077 606 4141 opinor,
626 4081 701 4139 pate·
750 4076 906 4138 Dietschio,
938 4088 999 4125 cum
1027 4075 1055 4120 in
1077 4069 1180 4117 aoristo
1209 4064 1289 4112 huius

160 4150 214 4210 bit,
229 4165 297 4216 quae
309 4147 494 4200 Pisistretidis
508 4161 567 4196 cum
581 4145 701 4210 antiquis
750 4145 827 4197 uerbi
848 4148 947 4198 Noster
967 4141 1142 4206 augmentum
1161 4133 1289 4216 adhibere

159 4221 270 4273 Atticae
286 4223 375 4269 terrea
393 4217 502 4284 regibus
520 4221 548 4265 et
565 4217 701 4279 cumipse
751 4217 853 4279 soleat,
886 4213 958 4281 quod
983 4213 1011 4259 in
1036 4206 1195 4290 imperfecto
1221 4203 1289 4288 (χιό.

160 4289 245 4340 Noleo
262 4291 431 4353 Nestoreque
451 4284 639 4336 intercesserit
657 4299 701 4334 co·
748 4279 961 4336 ἀπαλλάσσοντο
980 4278 1059 4330 initio
1080 4280 1179 4342 cepitis
1197 4273 1289 4341 huius)

161 4361 269 4426 gnatis:
303 4359 408 4425 patebit
430 4372 493 4408 sero
516 4355 616 4414 etiam,
640 4369 700 4404 cum
751 4355 909 4422 negligitrrr3
928 4365 989 4403 mox
1004 4363 1065 4399 cnm
1082 4346 1175 4400 eodem
1190 4345 1290 4398 Bredo-

162 4423 701 4498 ipsisdlcmssonidia,potentissimeilla
750 4427 796 4478 vio
810 4443 836 4494 p.
853 4425 900 4479 lili
916 4423 1044 4476 librorum
1060 4419 1225 4486 scriptorum
1244 4431 1290 4468 eu-

1046 4501 1090 4570 8*
