2958 5010
444 363 718 424 POLYMNIA.
743 363 811 424 Vll.
836 369 891 426 170.
1169 363 1230 426 707

96 565 157 616 τας
177 534 371 627 ἠπειρώτας.
408 535 474 606 dud
498 539 536 606 ὸὲ
553 534 663 626 Ὑρίης
680 538 793 616 πόλιος
809 535 866 617 τός
889 534 989 616 ἄλλας
1010 543 1149 623 οίκίσαι,
1172 537 1230 618 τός

20 687 21 706 r
96 639 141 729 δὴ
161 650 360 730 Ταραντῖνοι
373 642 483 732 χρόνω
498 637 639 730 ὕστερον
657 646 769 732 πολλῷ
785 637 1013 722 ἐξανιστάντες
1027 645 1227 731 προσέπται-

68 809 74 818 ,
94 766 162 814 σαν
175 745 344 834 μεγάλως,
368 741 452 814 ders
472 744 576 831 φόνος
592 743 782 832 Ἐλληνικὸς
800 747 954 832 μέγιστος
975 736 1072 826 οὗτος
1092 743 1134 834 δὴ
1156 747 1227 831 ἐγί-

20 885 22 920 1
95 875 175 919 ceso
189 850 324 918 πάντων
338 853 405 918 τῶν
419 844 512 936 ἡμεῖς
534 855 649 936 ίόμεν,
669 846 783 918 αὐτῶν
796 875 832 916 τε
853 857 1069 937 Ταραντίνων
1082 851 1138 918 καί
1155 845 1225 938 Ῥη-

19 997 20 1026 1
96 961 222 1039 γίνων,
236 959 270 1022 οἳ
281 948 346 1022 ded
363 951 527 1020 Μικύθου
541 959 600 1021 τοῦ
611 960 738 1040 Χοίρου
750 949 1010 1040 ἀναγκαζόμενοι
1024 958 1092 1022 των
1105 949 1227 1039 dcccv,

19 1187 21 1212 r
94 1153 209 1220 quaeed
221 1153 434 1218 septentrionem
448 1153 564 1202 maxime
578 1167 636 1202 ver·
685 1151 750 1212 utI,
769 1152 957 1214 1511.111,106
981 1153 1091 1206 11.171.
1111 1145 1225 1218 Adzcd-

95 1226 146 1288 git,
163 1225 281 1274 Bactriae
299 1223 396 1273 habuit
417 1237 531 1284 nornen,
554 1237 634 1288 quern
687 1236 726 1287 νῳ
743 1211 863 1284 ὕστερον
883 1219 977 1287 πολλῷ
992 1224 1065 1273 coni.
1079 1224 1132 1286 v1,
1149 1224 1182 1273 72
1197 1231 1224 1273 ct

95 1299 186 1358 ipsam
197 1294 303 1359 excepit
311 1295 428 1344 Peucetio
442 1299 469 1342 et
482 1293 565 1342 tertia
570 1307 635 1356 pars
685 1290 844 1342 adverbum
858 1289 1048 1352 προσπταίειν
1066 1299 1135 1344 nott.
1149 1293 1185 1343 ad
1199 1293 1223 1352 Ι,

94 1365 132 1414 1111
148 1364 280 1414 orientem
293 1365 411 1413 maxime
426 1368 554 1427 spectans
566 1360 638 1412 Mes·
684 1362 727 1413 bo.
751 1362 794 1412 De
808 1362 868 1426 ipso
881 1361 952 1412 bello
964 1363 1036 1414 iuter
1046 1364 1222 1424 Terentinos,

18 1473 20 1496 ,
92 1440 180 1497 ταμία,
202 1435 329 1498 regiones
351 1433 524 1491 'l'urentinae¹
542 1433 636 1496 ponin·
684 1431 783 1496 quibus
796 1430 1222 1497 auxiliapraebncrantRhegini,

18 1539 20 1564 ,
94 1503 238 1569 aulamque
268 1503 411 1568 Iapygiam
442 1502 635 1566 complectens.
686 1513 714 1550 eu
732 1503 802 1550 inter
825 1502 941 1566 Iapygee
961 1509 1021 1552 orto
1046 1503 1123 1553 etde
1143 1503 1222 1567 greci

18 1609 20 1636 ,
94 1573 159 1625 Vid.
180 1575 318 1624 iisnnert.
338 1573 388 1634 lX,
400 1575 427 1620 2.
442 1589 468 1636 p.
482 1578 497 1622 2
511 1588 586 1637 seqq.
607 1577 635 1622 st
686 1570 773 1632 clude,
792 1585 873 1636 quam
894 1572 1038 1622 'i'arentini
1058 1573 1135 1637 pessi
1148 1579 1221 1632 sunt,

92 1643 243 1706 Forbiger:
255 1641 366 1692 Handb.
380 1641 406 1691 d.
421 1641 469 1691 sit.
481 1641 634 1706 Geograph.
684 1639 806 1704 pluribus
825 1640 919 1692 retulit
933 1641 1048 1692 Diodor.
1068 1641 1117 1706 x1,
1131 1643 1174 1695 52.
1187 1673 1221 1682 -

94 1712 150 1762 111.
169 1725 231 1776 pag.
251 1713 298 1761 751
322 1726 380 1775 seq.
407 1711 449 1762 ad
467 1713 552 1761 verbe
569 1705 634 1760 α’ντλ
684 1709 716 1758 In
729 1726 804 1775 seqq.
822 1711 920 1776 scripsi
934 1705 1028 1761 αὐτῶν
1042 1728 1091 1777 pro
1103 1705 1220 1774 αότίων,

18 1817 20 1852 ,
94 1775 128 1829 δὲ
143 1773 218 1830 εἶναι
231 1773 372 1844 νησιιότας
386 1780 442 1830 rid.
459 1787 530 1830 nott.
541 1781 576 1831 ad
587 1781 633 1842 v1‚
683 1785 715 1828 nt
728 1781 793 1856 yn,
807 1781 852 1830 lii
869 1775 977 1830 rodente
988 1798 1037 1847 pro
1049 1774 1180 1837 τοντίων,

94 1849 140 1902 ³2
177 1849 309 1901 Voculam
326 1850 460 1900 rodente
478 1843 552 1899 εἷναι
570 1849 633 1900 olim
718 1863 787 1900 ωοτε
804 1844 895 1912 φόνος
907 1843 1072 1916 Ἑλληνικός
1092 1847 1220 1916 μέγιστος

95 1922 229 1970 insertam
242 1919 368 1986 ignorant
381 1921 478 1984 scripti
490 1919 560 1970 libri.
585 1923 634 1971 Re·
684 1945 716 1955 -
736 1915 851 1968 τιιίντων
866 1918 923 1970 τόν
934 1911 1016 1985 ἡμεῖς
1025 1917 1119 1988 ἴδμεν]
1135 1921 1220 1973 Recte

17 2021 18 2032 1
95 1991 182 2040 tinnit
198 1995 290 2039 temen
309 2005 369 2039 eam
380 1989 532 2050 Bekkerue,
554 2005 631 2056 quem
683 1989 840 2054 suspicatus
862 1995 921 2040 eret
944 1991 1093 2042 Groteiend
1114 1990 1176 2057 (1.1.
1197 1991 1220 2042 Ι.

17 2093 19 2098 ·
94 2059 221 2110 Dindori.
246 2065 274 2110 et
292 2058 415 2110 Dietech.
441 2064 531 2110 secuti
553 2067 631 2110 sunt:
684 2074 746 2124 pag.
763 2058 819 2123 34),
841 2059 907 2110 haec
923 2061 1008 2112 verbs
1027 2063 1061 2110 sb
1079 2060 1220 2112 Herodoto

95 2126 456 2180 sediufinitivnmsioerod
470 2131 634 2194 aequiposse
684 2128 767 2180 scribi
790 2129 932 2186 debuisse.
953 2137 1101 2195 antequam
1127 2129 1220 2181 clades
1265 2125 1272 2158 ³
1367 2161 1371 2169 ι

95 2199 276 2249 antecedente
287 2193 366 2258 cieri,
381 2200 564 2263 exepieornm
580 2215 636 2250 ser·
683 2197 733 2248 illa
761 2199 880 2249 omnium
914 2202 1032 2250 maxima
1062 2199 1219 2262 accidisset,

96 2283 175 2320 mone
205 2269 305 2318 similia
338 2267 485 2332 praebente
512 2269 635 2320 decisrst
684 2285 766 2333 qnam
780 2268 961 2320 Athenienses
975 2269 1220 2335 belloPelopoune·

95 2340 187 2390 Ameis
213 2339 249 2388 ad
270 2339 381 2388 Homeri
406 2337 505 2404 Odyas.
529 2340 631 2402 xviii,
682 2338 1132 2404 niacoadSyracusaspassisnnt:
1149 2337 1218 2389 haec

96 2409 157 2459 370.
681 2423 747 2458 vero
760 2408 851 2459 clades
864 2423 924 2460 cum
938 2409 1071 2460 ecciderit
1082 2423 1154 2460 enno
1167 2409 1219 2460 413

131 2473 181 2534 τὰς
195 2469 280 2532 ἄλλας
294 2471 411 2542 οίκίσαι]
431 2477 450 2528 i.
471 2493 496 2528 e.
515 2487 634 2530 eceterae
682 2483 746 2528 aute
768 2477 831 2530 cnr.
851 2495 891 2538 u.,
916 2479 1012 2528 merito
1037 2477 1100 2529 iude
1124 2479 1219 2544 colligi
1300 2525 1302 2530 .

93 2549 245 2598 condidisse.
276 2546 374 2613 ltaque
402 2545 471 2597 male
492 2547 634 2599 Sancroiti
683 2547 1218 2613 posseputsmus,Herodotumhoctem·

94 2617 162 2668 iiber
174 2612 298 2681 οίκῆσαι.
317 2617 359 2666 Ad
375 2623 563 2682 argumentum
578 2617 632 2669 loci
681 2633 748 2682 pore
758 2633 813 2668 non
826 2618 946 2683 amplius
964 2619 993 2668 in
1006 2619 1094 2680 vivis,
1110 2617 1157 2669 sed
1170 2619 1219 2670 dn·

94 2689 218 2753 disputet
238 2687 343 2738 Hoeck.
365 2686 438 2739 Cret.
465 2687 503 2737 11.
533 2704 559 2753 p.
580 2689 632 2742 ³84
681 2689 744 2738 dom
756 2693 890 2739 mortuum
908 2688 1008 2740 inisse:
1031 2689 1129 2740 etenim
1148 2687 1218 2739 huuc

94 2773 162 2823 seq.,
176 2757 303 2808 civitates
315 2755 365 2806 has
374 2757 574 2808 acreteneibns
585 2758 633 2808 ad·
680 2759 705 2808 si
716 2759 891 2823 cognovisset
902 2756 1006 2809 cladem
1022 2759 1111 2809 adhuc
1126 2773 1218 2824 snper-

92 2829 170 2878 venis
183 2827 383 2892 Messapiorum
401 2827 571 2878 multitudini
584 2828 632 2878 ed·
682 2834 748 2890 ates,
763 2844 831 2890 eam,
853 2845 924 2893 quae
939 2833 1032 2880 nostro
1042 2828 1102 2879 loco
1118 2845 1217 2878 memo-

16 2889 18 2914 *
93 2899 186 2948 mixtis
205 2897 331 2946 conditas
350 2897 516 2960 Tarentinis,
534 2903 564 2948 ut
585 2899 632 2964 qui
681 2905 772 2961 retur,
803 2898 883 2964 longe
907 2903 980 2950 certe
1005 2898 1160 2949 interiorem
1188 2899 1218 2946 il-

16 2959 18 2986 *
94 2979 199 3016 omnem
212 2965 344 3030 Iapygiue
367 2981 442 3016 oram
455 2967 555 3017 ditioni
566 2983 631 3020 enee
682 2969 735 3018 iarn
753 2968 861 3034 quidem
887 2967 978 3019 dicere
1005 2983 1059 3019 non
1082 2969 1218 3033 potuisset

681 3031 948 3103 φόνονἘλληνικόν
961 3033 1092 3102 μέγιστον
1102 3033 1218 3087 πόντων

681 3100 1217 3230 {tzitititttitiubbeti

94 3035 196 3085 addere
214 3034 358 3094 volueriut,
381 3039 488 3085 tantam
505 3035 632 3090 intulisse

94 3111 231 3168 stragem,
249 3105 395 3168 'ipsumque
415 3105 565 3157 Tarentum
585 3107 632 3158 iiie

94 3172 236 3224 contendit
262 3188 280 3222 a
300 3173 447 3237 Messeniis
476 3174 631 3228 homiuibus

93 3251 177 3308 etque
189 3241 367 3292 Cretensibus
385 3243 459 3306 prius
477 3245 562 3296 inisse
583 3246 632 3296 ha·

16 3313 17 3320 ’
97 3313 223 3373 bitatnm,
238 3326 319 3378 quem
337 3311 461 3362 Lacones
480 3313 549 3364 duce
561 3313 632 3366 Phe·

93 3382 187 3433 lantho
210 3381 386 3442 accesserint,
408 3397 521 3446 qnorum
550 3389 633 3448 opere

92 3467 154 3504 ruox
166 3452 231 3504 urbs
245 3451 294 3502 ilis
306 3455 448 3516 tantopere
460 3454 585 3514 creverit,
601 3463 631 3506 ut

93 3539 159 3574 sane
171 3521 296 3574 Lacones
308 3537 356 3586 pro
378 3521 451 3572 urbis
471 3525 630 3578 auctoribus

92 3599 176 3658 utque
191 3591 378 3642 conditoribus
392 3591 564 3643 haberentur.

127 3655 177 3718 τὰς
193 3655 229 3725 δὴ
248 3662 423 3724 Ταραντῖνοι
439 3655 532 3729 χρόνῳ
550 3652 628 3712 dcte-

93 3745 146 3794 ρον
166 3729 261 3798 πολλῷ
276 3722 482 3796 ἐξανιστάντες]
514 3741 629 3784 coer-tere

92 3807 211 3852 conantes
246 3803 442 3866 interpretetur
475 3801 627 3868 Schweigb.

94 3868 226 3936 Equidem
244 3869 270 3924 h.
293 3870 311 3921 1.
333 3877 455 3922 nontam
473 3871 507 3922 de
520 3873 628 3924 urbium

92 3943 229 4005 eversione,
252 3955 332 4005 quarn
356 3940 389 3992 de
406 3940 556 3992 incolarum
582 3959 628 3993 em-

90 4011 212 4072 pelss'oue,
229 4025 296 4073 qnos
317 4009 406 4062 victos
425 4012 454 4061 iu
479 4009 549 4064 alias
568 4011 627 4064 scil.

93 4077 179 4139 sedes,
195 4083 225 4128 nt
237 4080 319 4129 moris
338 4085 408 4143 eret,
427 4082 628 4146 transtulerint,

93 4148 137 4213 egi
151 4148 270 4198 credam.
307 4150 396 4214 Atque
414 4152 473 4215 ipse
492 4151 629 4218 Schweig-

93 4219 205 4268 haeuser
218 4218 247 4267 in
262 4219 355 4270 Lenis.
376 4220 507 4271 Herodot.
526 4223 549 4274 i.
564 4237 627 4287 pag.

92 4290 146 4339 224
154 4279 333 4347 ἐξανιστάναι
350 4281 443 4353 πόλιν,
460 4291 533 4355 quod
546 4291 627 4356 vulgo

92 4356 221 4408 reddatur
228 4367 339 4410 ινιιιετι
346 4357 438 4416 artem,
453 4360 534 4410 simui
543 4361 628 4426 signi-

91 4427 173 4480 tinere
181 4433 271 4478 monet
279 4431 549 4492 sermocinentur&
564 4447 626 4493 eom,

682 3253 795 3299 mentst.
821 3247 854 3296 de
873 3249 968 3296 mortis
994 3247 1125 3299 Herodot.
1149 3254 1216 3298 tem-

682 3331 747 3382 pore
763 3331 827 3381 pag.
845 3319 861 3366 4
881 3323 909 3366 et
920 3315 1011 3366 Soh'dil
1032 3317 1059 3365 in
1072 3317 1217 3368 Schneide-

682 3387 746 3440 wini
768 3383 1043 3450 Philolog.1x.pag.
1067 3387 1118 3438 200
1139 3403 1215 3452 seqq.

681 3454 760 3517 Quod
778 3469 842 3505 vero
859 3454 991 3518 adipsum
1010 3453 1139 3521 loquendi
1161 3473 1217 3506 mo·

681 3525 743 3574 dum
759 3524 867 3578 attinet.
882 3523 997 3574 similem
1006 3539 1115 3589 prorsus
1126 3526 1216 3576 inmo-

680 3593 743 3644 dnm
755 3593 789 3642 de
802 3593 853 3644 hac
870 3594 931 3658 ipsa
946 3593 1150 3646 Atheniensium
1161 3597 1216 3647 cie·

680 3663 713 3714 de
725 3664 765 3713 sic
778 3662 899 3740 loquitur
909 3663 1083 3746 Thucydides
1093 3667 1155 3724 vll,
1168 3669 1214 3717 85:

680 3731 810 3789 πλεῖστος
828 3747 881 3796 γαρ
899 3727 935 3798 δὴ
952 3747 1044 3795 φονος
1063 3724 1147 3792 οὗτος
1167 3731 1215 3784 καί

680 3794 801 3859 οόδενός
814 3792 939 3852 ἐλάσσων
957 3801 1014 3852 τόν
1034 3795 1064 3854 ἐν
1083 3803 1122 3872 τῷ
1134 3803 1215 3854 Σικε-

679 3869 748 3936 λικῷ
764 3866 873 3944 πολέμῳ
886 3864 976 3939 τοότῳ
988 3863 1105 3938 ἐγένετο.

714 3937 742 3991 οἳ
773 3936 829 3991 ond
860 3937 1002 3992 Μικόθον
1024 3942 1076 3994 τοῦ
1105 3943 1215 4006 Χοίρου

679 4004 901 4076 ἀναγκαζόμενοι
918 4004 1094 4079 scisciensis]
1113 4009 1143 4064 οἳ
1154 4029 1214 4080 spe-

679 4089 738 4133 ctat
752 4083 786 4133 ad
802 4081 935 4148 Ιλλτρίτοι,
948 4085 1020 4148 quie
1035 4087 1120 4135 οίοίωα
1132 4099 1214 4134 nume·

679 4169 709 4203 ro
721 4150 791 4208 trois
802 4145 904 4212 durnin,
923 4158 953 4202 nt
966 4155 1028 4214 Vll,
1051 4152 1111 4213 156)
1123 4153 1215 4202 deiecti

678 4241 695 4272 u
717 4221 829 4289 Minyeia
849 4227 931 4273 coacti
948 4231 1022 4272 eruut
1042 4223 1079 4272 nd
1095 4223 1214 4272 οιιωίίίιωιι

681 4291 825 4344 Tarentinis
849 4293 980 4353 ferendum
1011 4309 1033 4344 s.
1066 4293 1213 4342 camitissam

678 4366 746 4413 missi
759 4371 841 4413 want.
875 4362 1013 4414 Werierus
1031 4361 1119 4424 (nott.
1135 4360 1212 4428 phili.

677 4434 801 4486 Menace.
824 4435 846 4484 1.
864 4449 889 4497 p.
909 4434 961 4483 2⁴0
980 4431 1061 4496 seq),
1080 4431 1124 4482 cui
1146 4432 1212 4483 baec

950 4513 1017 4578 45*
