3010 4966
465 348 834 412 TERPSICHORE.
857 350 894 411 V.
917 357 960 414 90.
983 358 1027 415 91.

1251 350 1310 414 tea

177 553 213 597 τε
233 524 289 596 καὶ
303 520 446 612 dedomo
466 530 603 595 ἔσεσθαι
625 520 754 595 αότολσι
775 527 807 608 ἐξ
833 520 1038 612 Ἀθηναίων,
1061 528 1129 594 τεόν
1149 523 1311 616 πρότερον

177 631 239 719 μὲν
259 621 344 718 ἦσαν
363 626 499 716 ἀδαέες,
519 629 592 698 τότε
614 628 649 698 dt
664 632 868 717 Κλεομένεος
887 636 1083 716 κομίσαντος
1103 632 1136 709 ἐς
1149 629 1312 719 Σπάρτην

178 737 351 823 ἐξέμαθον.
381 732 538 821 ἐκτήσατο
561 733 597 803 δὲ
610 729 628 801 ὁ
642 736 832 821 Κλεομένης
846 737 883 802 ἐκ
897 736 954 819 τῆς
965 730 1153 820 Ἀθηναίων
1166 731 1309 822 ἅκροτιό-

177 846 247 917 λιος
260 835 337 917 τούς
351 834 533 925 χρησμοὺς,
548 835 625 916 τοὺς
639 845 774 925 ἔκτηντο
787 837 849 925 μὲν
862 836 1024 924 πρότερον
1037 842 1308 926 οίΠεισιοτρατί·

180 946 251 1027 das,
272 939 524 1030 ἐξελαυνόμενοι
545 941 581 1010 dl
596 947 710 1010 ἔλιπον
730 944 767 1009 ἐν
779 943 827 1032 τῷ
847 944 923 1030 ι’ρςό,
943 944 1227 1028 καταλειφθέντας
1241 937 1309 1010 did
1375 1025 1378 1032 Ι

178 1047 368 1133 Κλεομένης
388 1041 539 1133 ἀνέλαβε.
593 1042 673 1113 Τότε
694 1043 730 1113 δὲ
751 1039 795 1123 ὦς
815 1040 980 1130 ἀνέλαβον
999 1050 1033 1113 οἱ
1050 1044 1355 1134 Λακεδαιμόνιοι91

178 1146 255 1228 τοὺς
268 1146 450 1237 χρησμοὺς,
473 1149 527 1216 καὶ
542 1144 619 1227 τούς
638 1144 835 1235 Ἀθηναίους
849 1143 955 1234 ω”ρεου
968 1145 1170 1236 αὐξομένους
1184 1153 1239 1220 καὶ
1253 1147 1310 1219 ori·

179 1256 291 1341 δαμῶς
305 1255 454 1341 ἑτοίμους
468 1249 582 1331 ἐόντας
596 1259 780 1322 πείθεσθαί
790 1272 867 1339 σφι,
883 1249 950 1342 νόῳ
964 1249 1140 1340 λαβόντες,
1162 1248 1205 1333 τός
1219 1253 1310 1323 ἐλεύ-

178 1415 274 1484 supple
287 1409 354 1475 τοός
365 1411 517 1482 χρησμούς.
545 1419 585 1469 Ad
595 1416 721 1470 Heracli·

179 1489 228 1539 das
242 1492 331 1538 terrae
341 1489 451 1538 Atticae
461 1487 529 1536 haec
539 1488 650 1540 oracula
660 1503 719 1552 per-

178 1559 295 1609 tinuisse
308 1561 387 1621 putat
402 1555 517 1608 Preller:
538 1557 646 1608 Griech
662 1557 721 1621 My·

179 1626 281 1691 tholog.
295 1629 333 1677 ll.
348 1643 373 1691 p.
388 1627 446 1678 179.

769 1418 817 1494 81¹,
832 1413 995 1480 νομίζοντες
1007 1409 1058 1475 τὰς
1071 1410 1181 1484 Θήβας,
1197 1411 1247 1470 loia
1260 1412 1310 1472 αό-

771 1482 910 1549 ξηοωοιν,
940 1480 1056 1536 ἔσεσθαι
1083 1487 1119 1554 τῇ
1144 1486 1200 1538 ταῖν
1232 1481 1311 1554 Ἀθη-

769 1554 859 1604 ναίων
877 1544 970 1618 ὅσπερ
985 1547 1136 1607 clericelle
1151 1573 1224 1608 τινα.
1264 1561 1311 1611 Se·

769 1626 887 1676 eundum
900 1625 1068 1677 Herodotum
1080 1629 1254 1693 cogitabant,
1266 1644 1312 1692 po-

213 1692 282 1753 τούς
301 1690 417 1760 ἔκτηντο
434 1687 486 1760 μὲν
500 1685 651 1759 πρότερον]
675 1697 720 1746 lta
766 1697 850 1758 palum
865 1695 1052 1758 Atheniensem,
1075 1713 1153 1762 quem
1172 1703 1246 1748 certe
1264 1715 1311 1750 uo·

179 1765 242 1817 dedi
255 1781 315 1816 cum
330 1765 390 1818 edd.
403 1770 516 1815 recenti.
536 1764 637 1830 Vulgo:
651 1758 720 1825 πρό·
769 1765 862 1816 lebant
879 1765 932 1815 sibi
949 1757 1140 1829 ἀντίρροπον,
1164 1784 1311 1832 oppressam

178 1849 262 1896 τερον
277 1829 337 1900 μέν.
375 1836 428 1885 Ρτο
449 1827 565 1898 ἔκτηντο
578 1835 718 1886 Mediceus

178 1897 337 1968 ἕτέκτηντο,
350 1905 383 1955 de
397 1920 450 1969 quo
460 1905 532 1956 coni.
544 1905 581 1968 Il,
594 1903 652 1956 108.
665 1905 719 1968 111,

179 1973 221 2025 39.
240 1973 366 2024 Diudort‘.
376 1974 461 2024 edidit
471 1965 591 2026 ἐκτέατο.
609 1975 652 2025 Tu
662 1975 718 2025 rid.

179 2043 296 2098 Bredor.
313 2059 374 2110 pag.
389 2045 450 2095 287.

371 2215 437 2268 Car.
457 2215 528 2266 XCI.

210 2309 301 2378 αἵρεον
311 2312 498 2385 αὐξομένους]
508 2320 595 2382 Vulgo
606 2308 720 2378 lro'oeov,

180 2389 251 2457 quod
263 2390 328 2441 ferri
342 2405 395 2441 uon
407 2405 486 2456 posse
497 2389 589 2439 docuit
600 2387 718 2438 Bredov.

178 2477 205 2526 p.
222 2459 287 2520 3133
308 2461 401 2526 itaque
415 2459 542 2524 rescripsi
556 2451 657 2517 όόρεον.

213 2520 271 2595 νόῳ
282 2526 425 2594 λαβόντες]
444 2528 522 2579 (loni.
533 2528 566 2578 de
581 2527 634 2577 hac
645 2527 720 2577 locu-

178 2600 254 2650 tione
264 2601 351 2648 citata
360 2599 395 2648 ad
405 2599 458 2660 111,
466 2600 507 2650 tl.
525 2598 564 2648 Ad
576 2596 628 2647 loei
639 2612 721 2662 argu·

178 2673 297 2720 mentam
310 2669 378 2720 bene
392 2668 540 2731 adscripsit
557 2667 623 2717 baec
642 2669 667 2717 V
672 2669 704 2716 ol
710 2695 722 2707 ·

178 2739 370 2790 electior-iar:
400 2739 522 2800 „Veram
550 2736 596 2787 hic
622 2736 720 2802 pandit

177 2808 326 2859 historicus
345 2823 468 2867 causam,
493 2821 563 2871 quae
582 2807 721 2858 Lacedae-

178 2880 283 2928 monios
304 2882 441 2929 moveret:
471 2876 647 2940 praecedenti
675 2893 719 2926 ca-

178 2949 234 3013 pite
253 2952 365 2998 narrata
385 2946 450 2996 nibil
472 2951 550 2998 erant
572 2946 646 2995 aliud
665 2947 718 2996 uisi

177 3017 301 3081 species,
327 3033 407 3081 quam
433 3031 499 3067 suae
523 3017 719 3079 praetexebant

178 3157 339 3212 nesticramz
370 3157 440 3206 bano
463 3155 558 3220 itaqua
580 3155 665 3204 solam
690 3157 718 3206 in

177 3227 312 3278 sociorum
338 3230 473 3278 conventu
497 3230 716 3279 commemorant.

177 3298 238 3348 Non
252 3296 382 3347 debuerat
401 3297 496 3360 itaque
510 3294 672 3344 Plutarchus
684 3297 717 3348 Τ.

178 3367 215 3416 11.
232 3381 295 3430 pap.
310 3365 362 3417 860
372 3367 402 3416 F.
421 3365 484 3415 binc
500 3366 583 3414 etiarn
598 3366 719 3416 occasio·

177 3451 237 3486 nem
255 3441 370 3498 captare
388 3434 556 3486 Herodotum
573 3435 719 3484 criminan-

177 3505 213 3555 di.
231 3533 259 3541 -
288 3504 389 3564 Quales
408 3511 498 3554 autem
514 3503 559 3554 bic
578 3503 655 3554 uobis
675 3519 719 3553 ex·

176 3575 267 3640 pingit
295 3575 452 3625 Herodotus
478 3574 719 3636 Lacedaemonios,

177 3643 246 3694 tales
271 3650 345 3694 certe
368 3637 477 3694 iueru'nt
500 3644 580 3692 rebus
599 3645 718 3694 Graeco-

177 3729 233 3763 rum
244 3714 412 3764 florentibus.
430 3713 561 3763 Graeciae
571 3713 717 3778 principes,

177 3797 256 3846 quam
272 3783 387 3832 oderant
401 3783 475 3832 domi
489 3783 675 3844 tyrannidem,
689 3783 718 3832 in

177 3853 269 3902 liberis
285 3853 446 3903 civitatibus
464 3852 566 3917 ubique
581 3851 717 3902 conaban-

176 3921 383 3984 turadtirmme,
394 3921 511 3972 subditis
523 3926 601 3971 erant
609 3922 719 3984 superbi

176 3990 293 4048 domini:
309 3993 425 4052 vicinis,
437 4007 505 4056 quos
515 3991 669 4051 vexabant,
682 3991 717 4041 ab

177 4061 373 4125 antiquissimis
405 4061 572 4124 temporibus
609 4075 716 4126 graves,

176 4129 717 4192 Messeniis,Arcadibushrpiviscaeta-

175 4199 282 4262 risque;
303 4199 423 4250 inbellis
441 4204 468 4249 et
485 4199 663 4250 societatibus
676 4199 715 4250 in·

176 4268 274 4318 euudis
286 4269 352 4320 utile
363 4269 520 4334 plerumque
534 4269 657 4320 honestis
668 4283 716 4319 au-

175 4336 351 4398 tepouebant.
381 4339 520 4390 Thebanis
532 4337 662 4389 auxilium
677 4337 715 4388 ie·

175 4407 286 4470 rebant,
303 4413 334 4459 ut
351 4408 448 4461 scribit
465 4408 577 4460 Diodor.
597 4407 651 4458 Sic.
666 4407 714 4470 XI,

771 1852 787 1885 α
797 1842 919 1901 tyranno,
932 1834 1052 1886 futurum
1063 1827 1184 1894 ἀσθενὲς
1195 1834 1242 1887 καλ
1253 1854 1311 1888 κει-

770 1899 946 1968 θαρηὲεοθαι
968 1900 1094 1968 ἓτοιαον,
1119 1908 1260 1958 ιἰιιλετίλλννι
1280 1925 1312 1959 αα

770 1977 858 2032 lolem,
879 1990 948 2038 ηνενι
959 1975 1008 2024 eibi
1015 1975 1093 2037 focile
1108 1979 1175 2028 dieto
1190 1979 1312 2030 ladmen!

770 2043 937 2095 audientem.“
950 2046 1039 2109 Atque
1049 2048 1177 2097 convenit
1185 2047 1252 2098 baec
1260 2050 1312 2100 La·

770 2113 1006 2164 cedacmoniorum
1026 2117 1163 2166 sententis
1179 2118 1212 2168 de
1228 2118 1311 2169 Atha-

770 2182 911 2232 nienslbas
931 2197 991 2232 curu
1007 2183 1058 2245 iis,
1082 2201 1151 2248 quse
1170 2199 1254 2252 supra
1272 2187 1311 2238 la-

770 2258 871 2316 gnntur
883 2267 944 2314 cap.
956 2251 999 2310 78,
1013 2252 1059 2302 ubi
1072 2254 1125 2302 vid.
1136 2261 1206 2305 nott.
1235 2249 1312 2319 losio-

771 2335 863 2383 ροττον
872 2321 947 2371 valet
956 2321 1063 2376 viribus.
1074 2323 1161 2387 opibus
1170 2341 1238 2388 por,-
1253 2326 1312 2389 plu·

770 2406 802 2440 ra
820 2390 853 2440 de
875 2389 926 2440 bac
949 2407 1016 2440 voca
1035 2392 1158 2442 invenies
1181 2395 1208 2443 in
1228 2395 1310 2446 Thes.

769 2461 847 2525 Ling.
863 2459 960 2511 Graec.
972 2461 1019 2510 IV.
1031 2477 1058 2526 p.
1067 2461 1119 2512 678
1129 2463 1172 2514 ed.
1184 2463 1310 2517 Dindort'.

768 2529 809 2580 Ac
820 2531 926 2579 monuit
937 2545 1043 2595 quoque
1052 2531 1084 2582 de
1095 2531 1146 2582 hac
1158 2548 1232 2592 voce,
1244 2549 1312 2598 quae

770 2599 844 2661 apud
859 2599 1020 2663 Aeschylum
1040 2604 1171 2665 politasva
1189 2603 1311 2653 crebrius

769 2669 919 2732 reperitur,
934 2668 1083 2722 Blomfield.
1096 2671 1124 2721 in
1137 2670 1258 2726 Glossar.
1276 2672 1311 2722 ed

769 2737 897 2803 Aeschyli
911 2739 986 2788 Pers.
1003 2739 1063 2790 352.
1081 2771 1117 2781 -
1137 2742 1178 2790 Ad
1191 2739 1232 2804 roi
1244 2732 1311 2791 ἔωυ.

768 2806 825 2856 τῶν
839 2825 872 2858 ex
887 2809 1113 2860 antecedentibus
1128 2811 1215 2874 suppl.
1226 2805 1309 2876 μένεϊ.

768 2879 810 2928 Dc
831 2877 931 2938 Sparta
953 2880 1079 2944 tyrannis
1102 2881 1213 2930 inimica
1238 2882 1311 2934 cani.

769 2947 882 2998 Sosiclis
902 2949 985 3000 verba
999 2948 1038 3008 V,
1051 2949 1094 3000 92.
1114 2950 1140 3012 5.
1162 2953 1170 3001 l
1195 2956 1224 3001 et
1241 2967 1311 3015 qnae

769 3017 802 3068 de
823 3016 875 3068 bac
896 3034 925 3068 ra
948 3019 1102 3081 disputavit
1122 3020 1311 3074 Wacbemuth.

768 3085 1119 3149 Hellen.slterrh11mek.1,
1136 3106 1159 3152 p.
1175 3089 1231 3142 lSll.
1249 3091 1310 3154 607,

768 3156 815 3219 qui
828 3157 979 3220 Spartanos
992 3159 1116 3222 tyrannis
1130 3159 1251 3210 infensos
1268 3161 1312 3212 fu-

769 3225 824 3274 isse
838 3229 937 3278 statuit
952 3233 1008 3277 tum
1024 3230 1057 3278 ob
1077 3229 1177 3291 regiam
1190 3230 1312 3290 dignita-

769 3300 821 3344 tern
835 3294 999 3358 legitimam,
1020 3312 1090 3360 quae
1103 3298 1219 3360 Spartae
1231 3301 1311 3351 unica

769 3369 880 3414 servata
895 3366 937 3416 vel
950 3365 1019 3414 hanc
1031 3367 1066 3416 ob
1078 3382 1186 3417 cansam
1199 3367 1312 3428 illegiti-

769 3449 828 3484 mae
841 3440 1016 3498 tyrsnncrum
1027 3438 1167 3498 potentiae
1180 3453 1211 3486 eo
1225 3439 1311 3503 magis

769 3505 870 3565 opponi
890 3504 997 3566 debuit,
1026 3510 1081 3555 tum
1107 3505 1140 3555 ob
1162 3507 1311 3569 periculum

769 3573 889 3637 antiquis
902 3575 1002 3624 Dorum
1017 3575 1153 3627 institutis
1164 3578 1312 3628 aristocra-

770 3642 832 3691 ticis
849 3660 881 3694 ex
896 3645 1005 3694 immani
1022 3651 1199 3696 trranuorum
1217 3649 1243 3697 vi
1262 3649 1311 3697 im-

768 3713 883 3764 minens.
925 3713 984 3775 Quo
1006 3716 1088 3764 stiam
1107 3715 1174 3766 illud
1192 3717 1311 3780 accedit,

768 3781 838 3847 quod
858 3783 1002 3846 Spartanis
1022 3783 1203 3848 Peloponnesi
1230 3787 1311 3850 bepe-

769 3853 885 3902 moniam
896 3854 1090 3904 affectantibus
1105 3855 1172 3906 nibil
1186 3871 1252 3906 saue
1263 3872 1311 3905 an-

768 3922 871 3986 tiquius
886 3923 952 3983 icit,
970 3939 1051 3988 qrram
1062 3929 1107 3986 ut,
1123 3940 1310 3989 quaecumque

767 3992 877 4042 Doricis
893 3993 1028 4043 institutis
1041 3995 1221 4059 repugnantia
1236 3995 1310 4044 iuve-

767 4061 905 4125 mirentur,
926 4063 1054 4113 tollerent
1067 4077 1154 4128 eoque
1172 4062 1308 4126 Spartam,

768 4145 837 4191 cuae
852 4133 938 4182 omnis
954 4133 1056 4182 Dorum
1070 4131 1236 4195 reipublicae
1250 4148 1309 4182 car·

767 4199 801 4248 do
814 4201 893 4265 quasi
907 4201 959 4251 luit
975 4217 1008 4251 ae
1023 4201 1099 4251 sedes
1115 4201 1251 4262 primaria,
1264 4202 1309 4252 fir-

766 4274 872 4318 merent
894 4275 921 4320 et
940 4274 1080 4334 erigerent.
1116 4270 1195 4321 Unde
1215 4273 1308 4336 etiam,

767 4353 837 4402 quse
848 4338 900 4390 hoc
911 4337 970 4390 loco
984 4339 1145 4399 traduntur,
1161 4346 1225 4392 sunt
1239 4343 1309 4394 ‹liic-

766 4407 900 4459 dicauda:
917 4423 990 4476 cum,
1007 4409 1307 4480 quialiislocistyran-
