2958 5010
219 313 280 378 730
650 317 910 382 HERODO'PI
955 309 960 320 ”

216 490 375 564 ναυτικὸν
390 483 450 584 ἦν,
465 492 600 583 σύμπαν
614 491 671 566 ἐὸν
684 491 888 582 πεντήκοντα
901 495 1063 584 μυριάδες
1076 497 1133 566 καὶ
1146 503 1224 586 μία,
1241 495 1359 584 χιλιά-

218 604 274 678 δες
288 626 323 668 τι
345 605 450 670 ἔπεισι
466 601 520 670 ἐπὶ
540 598 678 687 ταύτῃσι
698 595 798 684 ἑπτὰ,
823 600 878 668 καὶ
900 599 982 686 πρὸς
1005 599 1221 682 ἑκατοντάδες
1238 605 1272 685 ἒξ
1297 603 1359 671 καλ

219 706 327 784 δίκας.
377 708 444 774 Τοῦ
464 704 501 773 db
522 709 621 787 πεζοῦ
642 701 868 790 ἑβδομήκοντα
890 705 945 774 καλ
962 702 1079 774 ἑκατὸν
1093 705 1256 793 μυριάδες
1279 709 1358 795 ἐγί-

218 835 333 893 νοντο,
353 813 422 878 ταῖν
442 808 478 878 δὲ
498 811 629 877 ίπττέυν
643 804 730 876 ὀκτώ
743 805 914 894 μυριάδες.
956 809 1137 898 προσθήσω
1154 807 1189 878 δ’
1207 816 1256 878 δτι
1269 810 1358 880 τού-

217 932 302 980 τοισι
320 909 377 992 τδς
391 910 559 1000 καμήλους
572 908 649 992 τοὺς
664 909 864 992 ἐλαύνοντας
881 909 1057 1002 Ἀραβίους
1070 913 1126 982 καλ
1140 911 1217 994 τούς
1231 912 1271 982 τὰ
1288 911 1356 1000 ἅρ-

217 1041 303 1103 ματα
320 1022 464 1102 Λίβυας,
480 1021 609 1103 πλῆθος
624 1013 763 1102 ποιήσας
778 1020 976 1104 δισμυρίους
993 1013 1127 1102 ἄνδρας.
1168 1019 1236 1086 Καὶ
1251 1014 1297 1104 δὴ
1315 1013 1358 1088 τό

216 1145 253 1188 τε
273 1121 310 1188 ἐκ
329 1124 398 1188 τοῖν
417 1123 506 1188 ντοίν
526 1119 583 1187 καλ
603 1123 664 1188 τοῦ
685 1123 784 1202 πεζοῦ
804 1123 932 1207 πλῆθος
952 1122 1196 1208 συντιθέμενον
1217 1128 1356 1208 γίνεται

217 1221 387 1311 διηκόσιαί
403 1249 439 1291 τε
459 1221 619 1311 μυριάδες
634 1223 688 1290 καλ
701 1219 878 1310 τριήκοντα
898 1225 953 1292 καὶ
968 1231 1043 1311 μία,
1063 1222 1217 1312 καὶπρὸς
1237 1224 1352 1312 χιλιά-

217 1331 272 1405 δες
287 1325 367 1396 ἑπτὰ
387 1327 440 1395 καί
457 1325 671 1404 ἑκατοντάδες
687 1328 719 1408 ἓξ
740 1327 794 1394 καλ
810 1324 918 1406 δεκάς.
972 1332 1076 1396 Τοῦτο
1095 1327 1157 1415 μὲν
1171 1325 1208 1398 τδ
1224 1331 1258 1410 ἐξ
1273 1325 1341 1396 αὐ·
1352 1344 1409 1396 592

214 1435 272 1518 τῆς
285 1436 342 1517 τῆς
357 1427 467 1517 Ἀσίης
486 1428 675 1516 στράτευμα
694 1430 876 1518 ἐξαναχθὲν
892 1440 1037 1518 εἴρηται,
1058 1427 1142 1499 ἄνευ
1154 1458 1190 1500 τε
1211 1437 1269 1520 τῆς
1284 1443 1350 1501 θε-

215 1541 358 1620 ραπηίης
378 1538 436 1621 τῆς
457 1534 618 1622 ἑπομένης
638 1533 693 1600 καλ
714 1537 780 1600 τῶν
800 1540 995 1621 σιταγωγῶν
1021 1541 1167 1620 πλοίων,
1194 1538 1251 1604 καλ
1272 1532 1349 1604 ὅσοι

151 1643 207 1708 185
216 1637 374 1706 ἐνίπλεον
392 1635 547 1706 τούτοισι.
588 1634 633 1706 Τὸ
647 1635 684 1706 dt
700 1633 743 1724 δὴ
756 1637 792 1705 ἐκ
806 1642 863 1725 τῆς
877 1635 1042 1726 Εὐρώπης
1063 1635 1229 1728 ἀγόμενον
1243 1643 1350 1725 στρά-

215 1809 298 1860 et'rel
312 1810 339 1870 1,
355 1811 385 1860 2:
406 1826 475 1876 quee
492 1811 564 1862 idern
579 1811 754 1862 Hermsnuus
805 1812 852 1874 8ος
875 1827 927 1878 quo
943 1811 1002 1864 loeo
1015 1814 1097 1863 etiem
1111 1813 1212 1864 Arabes
1227 1828 1351 1864 eorume-

215 1880 314 1931 ettuiit.
336 1881 394 1944 Quo
404 1882 489 1948 nugis
500 1883 591 1942 miror,
601 1879 672 1946 quod
685 1881 757 1930 Met·
805 1887 953 1934 morentur.

214 1949 290 2001 tbiee
303 1949 329 2004 h.
343 1949 361 2000 1.
377 1951 492 2003 retinuit
510 1943 545 2000 ἂν
563 1938 600 2015 ἦν
619 1950 700 2015 idque
716 1953 756 2000 iu·

212 2023 380 2084 terpretatur
403 2022 521 2084 fortusse
545 2021 657 2084 suerint,
692 2036 753 2070 euru
840 2018 931 2070 Τοῦτο
947 2014 999 2086 μὲν
1012 2011 1043 2070 τδ
1055 2013 1082 2081 ἐξ
1094 2011 1181 2087 αὐτῆς
1192 2017 1243 2084 τῆς
1253 2013 1350 2087 ’Λαίης

213 2082 270 2139 οἷον
285 2089 391 2142 velent:
407 2093 591 2154 sorturserirt.
622 2089 753 2141 Eidoiunt
803 2106 828 2142 ιι.
849 2105 872 2140 τ.
892 2089 928 2156 1.]
952 2090 1084 2142 Voeulem
1108 2083 1145 2156 δὴ
1167 2095 1230 2157 post
1254 2084 1309 2154 μὲν
1334 2107 1350 2142 e

213 2167 302 2210 eutem
318 2159 443 2222 τέσσερες
452 2153 589 2226 μυριάδες
601 2154 649 2208 καλ
661 2157 751 2209 eliseos
801 2160 925 2212 Medieeo
948 2159 1081 2212 sdsoitem
1108 2177 1125 2212 e
1145 2161 1294 2212 Sobeefero
1320 2169 1350 2213 et

212 2245 343 2280 nemmem
364 2231 479 2282 militum
504 2229 663 2291 240‚000;
689 2230 752 2280 iude
802 2231 900 2282 Metth.
933 2230 1057 2296 equidem
1090 2247 1151 2282 eum
1177 2229 1349 2296 Sobwdgh,

211 2301 350 2365 copiarum
368 2301 504 2352 uenalium
522 2299 753 2351 summeedsoeu·
803 2299 890 2352 ustus.
920 2306 948 2351 et
971 2300 1095 2352 Belskero
1121 2316 1201 2367 quem
1225 2307 1349 2352 reeeutt.

213 2369 253 2419 dit
268 2369 300 2418 ed
315 2370 459 2432 517‚600
474 2369 584 2421 milites.
803 2369 863 2422 edd.
886 2374 1047 2436 sequuntur,
1075 2370 1238 2433 reliquorum
1263 2371 1349 2422 oodd.

248 2436 309 2488 Turi
330 2432 361 2489 δὲ
382 2438 477 2507 πεζοῦ]
503 2441 543 2490 οο
567 2437 653 2504 copiis
673 2439 753 2504 pede·
803 2441 969 2491 suetorttste
992 2441 1089 2492 delevi.
1129 2441 1244 2491 Videtur
1271 2442 1349 2490 enim

212 2509 315 2560 stribus
324 2509 490 2572 vid.vll,uu
500 2509 592 2576 ibique
601 2512 669 2558 nott.
683 2509 753 2570 Que-
802 2511 850 2560 tlte
862 2510 931 2560 mele
943 2510 996 2560 buu
1007 2510 1144 2560 treusiute
1153 2527 1167 2560 e
1177 2525 1253 2574 seqq.
1267 2501 1301 2558 τὸ
1314 2502 1347 2559 δὲ

209 2593 269 2629 rum
289 2595 395 2631 summe
420 2581 530 2633 exsistit
555 2577 748 2642 1,700,000;
800 2577 836 2643 δὴ
860 2570 889 2628 ἐκ
911 2577 961 2644 τῆς
973 2569 1131 2644 -Εὗροίπης,
1166 2581 1208 2630 De
1228 2595 1346 2631 numero

211 2648 344 2700 sooeduut
357 2653 461 2716 equites
475 2647 604 2713 00000.
630 2649 749 2714 lueeqq.
800 2652 945 2768 oopieru'
963 2647 997 2698 ed
1018 2649 1043 2700 b.
1063 2649 1081 2700 l.
1103 2649 1173 2700 haee
1196 2650 1346 2700 ednotnvit

209 2717 305 2785 Libyes
319 2721 366 2784 qui
381 2726 530 2774 vocentur.
549 2723 612 2767 sunt
624 2719 684 2768 Afri
698 2721 748 2770 Ae·
800 2719 924 2786 Sebueig
943 2733 1084 2770 neuserusz
1101 2719 1344 2783 „Colligitursans

209 2795 294 2852 gypto
308 2791 407 2852 vieini,
426 2791 472 2856 qui
484 2787 613 2850 Cambysi
628 2801 657 2839 se
669 2788 749 2838 dede·
799 2791 929 2840 universe
949 2789 1004 2838 iste
1022 2805 1127 2840 summe
1146 2789 1290 2852 ’1017010
1309 2806 1343 2840 ex

209 2863 271 2908 rent
285 2857 353 2923 (111,
367 2861 413 2923 10,
424 2859 468 2924 01)
488 2863 516 2906 et
531 2857 593 2906 iude
612 2859 639 2905 iu
652 2858 749 2908 Xerxis
799 2861 910 2910 summis
924 2859 1136 2924 particularibus
1153 2863 1216 2910 ente
1230 2860 1341 2923 positis.

209 2929 296 2993 oopiis
314 2945 396 2996 supra
414 2931 606 2980 enumerantur
623 2926 689 2990 Vll,
704 2929 746 2978 71.
800 2928 953 2983 conficiunt
966 2929 1050 2980 enim'

417 3045 482 3098 1207
500 3051 535 3100 ><
553 3043 604 3095 200
635 3081 1135 3101 ............
1205 3049 1325 3110 211000

414 3117 480 3167 ltu?
501 3126 537 3176 ><
571 3114 605 3168 80
636 3153 1134 3170 ............
1222 3117 1325 3178 utu-210

413 3185 482 3238 0000
500 3192 535 3246 ><
569 3185 603 3236 80
635 3223 1134 3241 ............
1206 3188 1323 3246 210000

207 3273 284 3326 Unde
302 3274 393 3338 prodit
411 3287 515 3326 summe
533 3273 671 3338 copiarum
686 3273 822 3326 uevulinm
859 3309 1134 3326 .......
1167 3259 1338 3337 'effert-u

206 3377 256 3428 His
271 3377 407 3428 eeoedunt
419 3375 525 3444 pedites
542 3412 864 3428 ........
886 3355 889 3362 ’
903 3414 1131 3429 ......
1181 3375 1321 3438 1000000

291 3447 397 3512 equites
408 3481 638 3500 ......
656 3449 661 3458 ’
676 3481 1132 3498 ...........
1221 3445 1320 3508 80000

290 3517 401 3570 eumelio
421 3523 447 3570 et
464 3516 587 3568 curribus
605 3517 678 3566 vecti
724 3553 730 3566 .
768 3553 774 3566 .
795 3551 797 3556 -
813 3551 1132 3570 ........
1221 3515 1320 3576 ’20000

1169 3586 1330 3596 ——-..—..

203 3597 284 3655 Uude'
299 3605 391 3670 prodit
408 3607 546 3672 copiarum
565 3617 599 3652 ex
611 3603 678 3652 Asin
690 3602 908 3655 trsusduoteruur
926 3619 1044 3664 summe,
1065 3619 1135 3668 quse

368 3676 413 3728 hio
431 3674 590 3726 subducitur
631 3709 1130 3726 ............
1175 3671 1319 3734 ualuere

203 3778 260 3828 lem
280 3778 321 3829 his
341 3795 421 3846 porro
438 3775 573 3829 accedunt
592 3775 705 3825 nsvsles
723 3777 817 3842 oopiee
839 3793 870 3826 ex
885 3775 1001 3828 Thrsein
1024 3783 1051 3828 et
1066 3777 1135 3828 vici·

368 3852 410 3901 uis
428 3847 526 3898 insulis
547 3846 595 3896 120
607 3853 641 3902 ><
652 3846 705 3897 200
1221 3845 1254 3894 24
1265 3843 1319 3892 000

290 3923 318 3971 et
335 3923 478 3972 terrestres
496 3916 591 3981 oupiee
610 3931 643 3964 ex
661 3915 762 3966 eisdem
780 3917 938 3982 regionibus
990 3955 995 3966 .
1036 3955 1042 3969 .
1079 3954 1085 3966 .
1124 3953 1131 3966 .
1202 3883 1319 3972 euubou

1168 3985 1334 3996 ---—.

202 4003 280 4057 Unde
298 4007 416 4059 λοκιίκκιυ
434 4012 588 4055 armatorum
612 4001 779 4068 (inquorum
798 4004 905 4068 quidem
923 4019 1034 4054 numero
1054 4004 1134 4054 etiem

366 4076 482 4139 remiges
499 4072 774 4139 comprehenduntur)
794 4073 886 4140 prodit
904 4087 1040 4126 summe.
1078 4111 1084 4123 .
1122 4109 1129 4122 .
1176 4071 1318 4132 0041010
1387 4079 1389 4084 ’

203 4163 254 4224 Qui
273 4177 399 4214 numerus
417 4159 573 4224 duplicatus
593 4159 640 4208 dut
654 4158 790 4210 homiuum
809 4175 939 4210 summurn
954 4176 1013 4223 cup.
1028 4159 1063 4211 80
1080 4175 1133 4210 me·

366 4235 497 4281 moretum
544 4265 1132 4282 ..............
1160 4227 1335 4291 5,283‚220.“

1160 4143 1329 4151 a———n—

201 4331 242 4381 De
262 4331 310 4394 iis,
329 4347 398 4398 queo
414 4333 462 4383 elii
475 4333 587 4384 trudunt
604 4333 639 4382 ub
652 4332 739 4382 Hero·
794 4349 865 4384 mero
886 4331 1046 4394 indicendo,
1068 4331 1125 4384 vid.
1139 4335 1208 4382 nott.
1223 4333 1256 4384 sd
1270 4333 1334 4398 vn,

120 4457 128 4476 ·
201 4399 264 4450 doto
279 4401 472 4456 dissentientes
493 4405 520 4455 iu
538 4403 676 4469 copiarum
691 4419 738 4453 uu·
792 4403 834 4456 00.
