3054 4972
228 361 290 426 560
663 362 930 428 Hsuouo'ur

228 566 312 627 ριοι,
326 535 387 625 τὴν
402 533 510 624 αὐτὴν
525 543 654 624 ἔχοντες
669 539 886 627 Παφλαγόσι,
906 540 1153 628 ἐστρατεύοντο.
1186 545 1222 610 oi
1237 541 1274 611 δὲ
1288 539 1367 610 Σύ-

228 671 294 732 ριοι
314 632 407 710 οὗτοι
426 637 492 710 ὑπὸ
513 645 673 728 Περσέων
693 643 918 713 Καππαδόκαι
940 647 1135 714 καλέονται·
1175 646 1367 734 Παφλαγό-

227 773 297 815 νων
311 749 373 832 μέν
393 773 458 813 νυν
479 746 534 813 καὶ
550 751 736 834 Ματιηνῶν
750 753 868 828 Δῶτος
887 743 905 816 ὁ
920 753 1141 836 Μεγασίδρου
1158 739 1255 836 ἦρχε,
1279 757 1366 817 Μα-

228 853 423 936 ριανδυνῶν
445 848 550 918 δὲκαὶ
565 848 704 935 Λιγύων
720 851 776 918 καὶ
790 858 930 939 Συρίων
943 851 1105 940 Γωβρύης
1127 847 1311 938 ὁΔαριίον
1329 880 1367 920 τε

179 964 218 1024 73
227 953 282 1020 καὶ
305 949 542 1041 Ἀρτυστώνης.
591 953 722 1040 Φρύγες
750 955 786 1023 di
818 952 987 1042 ἀγχοτάτω
1014 961 1071 1042 τῆς
1100 962 1366 1044 Παφλαγονικῆς

226 1053 353 1144 σκευὴν
367 1054 473 1142 εἶχον,
491 1053 606 1142 ὀλίγον
620 1058 919 1144 παραλλάσσοντες.
952 1061 986 1126 ot
997 1058 1033 1128 δὲ
1050 1057 1199 1146 Φρύγες,
1221 1055 1265 1138 ὡς
1281 1067 1364 1126 Μα-

225 1159 362 1240 κεδόνες
382 1162 533 1245 λέγουσι,
557 1163 732 1229 ἐκαλέοντο
754 1169 874 1250 Βρίγες
896 1159 1034 1248 χρόνον,
1064 1158 1144 1230 ὅσον
1165 1159 1363 1250 Εὐρωπήιοι

226 1367 270 1412 tus
293 1377 338 1426 per
358 1359 452 1409 Asiam
475 1358 543 1409 hsec
564 1376 630 1424 gens
653 1367 766 1410 extensa
817 1360 927 1411 Maked.
943 1377 1005 1426 pag.
1019 1363 1053 1412 52
1074 1366 1101 1411 et
1114 1361 1217 1412 Osann.
1231 1361 1258 1410 in
1279 1361 1363 1424 iibro,

225 1431 310 1481 suissc
325 1430 442 1491 videtur,
457 1429 519 1478 dum
532 1430 560 1479 iu
575 1433 699 1494 Europae
710 1437 765 1480 tre·
817 1433 863 1495 qui
876 1432 1037 1480 inscribitur
1049 1431 1140 1480 Midas
1154 1445 1216 1495 pag.
1232 1433 1266 1481 45
1283 1430 1362 1495 (coli.

224 1506 285 1551 ctus
301 1498 484 1550 occidentales
499 1499 668 1564 immigrerit.
697 1500 765 1550 lude
815 1500 903 1553 Anuli.
925 1501 1012 1554 critic.
1033 1515 1059 1565 p.
1078 1499 1136 1565 1³),
1157 1500 1202 1550 ubi
1222 1499 1267 1550 ille
1286 1501 1362 1565 spud

224 1571 322 1620 Vivien
343 1569 375 1619 de
393 1569 432 1619 St.
448 1569 550 1618 Murtin
571 1568 696 1634 (Journal
717 1571 764 1622 des
816 1570 983 1620 Herodotum
992 1567 1277 1634 Bpriyrgretiugivult.
1297 1573 1361 1632 Quo
1383 1599 1389 1608 ·

224 1641 351 1704 Voysges
372 1639 437 1688 1847
453 1637 550 1688 Juiiiet
569 1654 631 1703 pug.
651 1638 694 1705 ru)
716 1641 762 1689 Li·
815 1640 890 1702 prior
910 1640 963 1688 inm
977 1641 1080 1689 Hoeck.
1097 1639 1170 1690 Cret.
1189 1639 1211 1688 1.
1227 1655 1289 1704 pag.
1307 1640 1360 1692 113

222 1725 296 1774 gye‚
308 1710 354 1774 qui
367 1708 573 1773 dicuuturepud
585 1709 762 1771 Herodotum,
814 1725 871 1774 seq.
900 1710 1032 1759 Herodoti
1060 1709 1228 1758 auctoritate
1254 1710 1360 1760 reiecta

223 1780 308 1830 reiert
322 1778 355 1826 ed
371 1793 431 1828 enm
446 1778 563 1828 Caucasi
577 1782 700 1841 gentem,
718 1779 763 1828 cni
814 1778 934 1843 Phryges
950 1778 1093 1828 e‘l'hrecin
1107 1777 1204 1828 deduci
1219 1793 1298 1843 posse
1311 1795 1385 1852 ne-⁸

223 1865 295 1899 nunc
314 1863 411 1898 nomen
432 1847 682 1911 terpretetur.
721 1850 763 1898 ite
813 1863 881 1912 gaus
909 1848 998 1898 nullas
1021 1849 1130 1898 omnino
1155 1854 1250 1911 gentes
1270 1848 1360 1898 Thre-

223 1919 346 1969 Mutienie
364 1917 418 1968 vid.
434 1923 503 1966 nott.
521 1917 555 1966 ad
575 1917 603 1978 I,
625 1921 658 1968 72
683 1924 710 1967 et
729 1920 762 1968 de
814 1919 887 1968 cices
905 1918 932 1966 in
948 1918 1110 1982 Phrygium,
1131 1932 1212 1982 quem
1227 1917 1357 1979 dicimus,

223 1987 497 2052 Mummrdpnisl,'28.
516 1987 624 2050 111‚9u.
658 1988 699 2039 De
715 1988 763 2053 Sy·
813 1988 985 2052 immigrasse
1005 1988 1121 2048 statuit,
1143 2001 1204 2036 cum
1217 1985 1357 2052 Phrygum

222 2061 274 2120 ris,
294 2058 339 2122 qui
357 2058 521 2119 Cappadoces
540 2061 686 2120 vocentur,
705 2058 760 2111 vid.
812 2073 878 2122 gens
893 2057 1086 2122 antiquissima
1103 2057 1130 2105 in
1145 2071 1191 2106 eos
1206 2055 1290 2107 Asine
1307 2060 1360 2106 mi-

224 2129 252 2190 1,
274 2131 314 2178 72.
337 2127 375 2189 V,
398 2127 432 2177 49
450 2127 542 2191 ibique
562 2125 648 2175 silete
694 2129 762 2178 lude
812 2129 886 2176 noris
913 2131 1035 2189 tractus,
1068 2141 1135 2190 quos
1162 2125 1283 2176 tenuisse
1306 2142 1357 2178 no·

223 2199 305 2248 etism
324 2197 374 2246 hoe
399 2197 458 2246 loeo
486 2211 545 2246 curn
569 2201 681 2249 receutt.
701 2197 761 2247 edd.
812 2197 916 2258 vimus,
936 2211 989 2244 nou
1011 2211 1043 2245 ex
1060 2196 1353 2260 Europsimmigrsrit,

222 2268 321 2331 scripsi
337 2259 437 2326 Σύριοι
452 2271 480 2315 et
494 2264 608 2327 Συρίων
624 2282 673 2329 pro
688 2266 762 2331 vulg.
811 2266 859 2316 sed
875 2283 888 2316 e
908 2265 1046 2316 montibus
1060 2265 1204 2315 Armeniae
1223 2264 1275 2315 huc
1293 2281 1358 2330 pro-

222 2333 351 2399 Σύροισι
364 2328 480 2399 Σύρων;
494 2337 549 2386 vid.
561 2340 629 2384 nott.
640 2335 675 2384 ed
685 2336 707 2400 1,
718 2337 761 2386 72.
811 2335 885 2385 seete
902 2336 1034 2399 indigens
1051 2335 1131 2398 qussi
1145 2335 1264 2385 haeserit
1282 2337 1357 2384 enti-

221 2407 263 2456 Au
278 2421 372 2468 voces,
396 2421 466 2470 quae
478 2406 695 2470 subsequuntur,
708 2399 761 2468 τήν
813 2405 943 2470 quissimo
955 2419 988 2454 ex
1002 2419 1080 2453 aevo.
1110 2405 1216 2468 Deque
1230 2403 1356 2469 pluribus

222 2468 313 2540 αὐτὴν
326 2469 447 2540 ἔχοντεςγ
462 2475 497 2525 ci.
510 2482 578 2526 nott.
590 2474 625 2524 ed
641 2475 702 2539 vn,
718 2477 760 2526 os.
812 2475 944 2526 disserere
968 2489 1111 2524 nuncnon
1133 2479 1222 2524 venet.
1258 2475 1356 2538 Neque

631 2541 636 2559 ¹
812 2545 899 2607 euim,
916 2544 1017 2608 siquid
1032 2543 1127 2606 video,
1147 2543 1293 2608 quidquam
1306 2544 1356 2593 ob-

367 2635 370 2643 *
811 2619 881 2677 stet,
903 2629 956 2678 quo
970 2615 1058 2662 minus
1072 2613 1171 2662 tribum
1184 2614 1320 2678 quendem
1337 2631 1354 2664 e

385 2681 451 2733 Cre.
471 2681 597 2734 LXXIII.
811 2683 931 2733 Threcia
942 2683 1005 2734 oiim
1017 2682 1052 2732 ed
1063 2683 1204 2746 oppositas
1216 2682 1298 2733 Asine
1311 2699 1356 2733 re-

810 2754 906 2817 giones
919 2753 1088 2817 immigrasse
1098 2752 1189 2816 ibique
1200 2767 1259 2801 curn
1269 2751 1355 2803 Asine

262 2810 369 2885 Φρύγες
393 2812 424 2868 δὲ
441 2811 594 2882 ’ἆγκθτᾶῑω
619 2833 644 2872 s.
672 2834 694 2867 τ.
722 2816 758 2882 1.]
810 2827 891 2886 gente
913 2821 1057 2887 indigens,
1084 2820 1190 2886 qualem
1214 2819 1353 2886 Phrygum

222 2891 336 2956 Phr-yper
347 2892 447 2940 Noster
465 2893 656 2938 commemoret
671 2888 699 2944 1.
715 2889 757 2938 28.
809 2893 896 2943 fuisse
909 2892 1020 2953 volunt,
1036 2891 1172 2941 coaluisse
1187 2895 1352 2945 statuemus.

221 2962 264 3010 7⁸2.
285 2959 342 3022 111,
359 2957 403 3008 uu.
440 2959 492 3020 Qui
511 2957 591 3008 iidem
608 2957 679 3022 quod
692 2958 760 3024 Βτγ-
809 2964 848 3011 Ac
862 2962 941 3026 piure
955 2965 1101 3026 supersunt
1117 2961 1235 3025 vestigia
1251 2976 1353 3010 conue-

218 3047 264 3094 ρει
276 3029 338 3080 oiim
358 3028 450 3078 voesti
462 3033 540 3089 suut,
561 3043 593 3077 ex
606 3028 716 3090 Europe
731 3029 759 3076 in
809 3047 859 3080 xus
877 3031 1017 3081 cuiusdam
1032 3035 1059 3080 et
1073 3031 1258 3095 cognationis,
1280 3045 1354 3094 ques

219 3101 312 3150 Asiani
327 3099 506 3162 transgressi,
523 3097 646 3148 referunt
660 3095 710 3146 hoc
724 3097 760 3146 sd
810 3101 873 3151 oiim
895 3101 965 3150 inter
979 3101 1061 3150 Asine
1081 3101 1192 3150 minoris
1210 3105 1305 3164 gentes
1322 3107 1353 3150 et

219 3169 399 3220 Macedonum
417 3183 527 3229 sonum,
550 3183 602 3232 quo
621 3163 760 3223 Βίλιππον
802 3172 933 3235 ,Europae
945 3175 1040 3234 gentes
1054 3169 1205 3219 Ttnecieus
1220 3171 1353 3220 interces-

220 3245 247 3289 et
267 3233 411 3300 Britannos
432 3239 478 3287 isti
500 3238 628 3287 dicebant
645 3251 694 3300 pro
713 3234 760 3284 Φί-
810 3241 891 3302 serit,
914 3240 978 3304 quin
1002 3241 1122 3304 ipserum
1149 3239 1350 3303 migrationum,

219 3309 323 3363 λιππος
332 3312 360 3356 et
369 3302 524 3369 Φύλακρος,
537 3307 642 3358 litersm
657 3305 760 3371 ffinuu-
810 3325 881 3374 quse
895 3309 959 3359 oiim
972 3309 1006 3358 eh
1019 3310 1161 3360 occidente
1172 3309 1201 3357 in
1217 3311 1350 3359 orientem

218 3393 299 3444 quem
315 3378 395 3426 initio
411 3393 505 3428 vocum
520 3383 712 3442 ponentes,ut
724 3375 758 3426 sd
810 3380 903 3428 Asiem
930 3379 1021 3428 incise
1044 3381 1114 3436 sint,
1143 3379 1211 3427 hene
1234 3382 1350 3430 notente

218 3449 266 3510 vl,
277 3447 310 3497 45
324 3447 379 3496 iem
393 3447 520 3498 diximus.
552 3449 587 3496 lit
599 3461 758 3498 commemo·
809 3449 929 3498 Rittero:
947 3448 1093 3498 Erdkunde
1104 3449 1140 3497 ΙΙ.
1152 3462 1214 3512 peg.
1224 3447 1348 3498 7820011.

218 3522 315 3566 rentur
334 3516 448 3581 Bryper,
470 3521 501 3566 ut
519 3521 598 3566 notet
611 3515 758 3568 Wesselin-
808 3517 936 3568 Vorhelle
951 3525 1004 3568 ete.
1025 3533 1052 3582 p.
1073 3519 1132 3568 254.
1170 3517 1229 3579 Quo
1253 3517 1349 3578 etism,

217 3587 278 3652 gius
302 3585 373 3650 apud
396 3585 525 3650 Stepheu.
547 3587 664 3651 Byusnt.
685 3603 707 3635 s.
729 3601 756 3634 v.
808 3586 863 3637 siis
877 3593 1039 3650 uttscesm,
1062 3587 1200 3651 pertinent
1214 3586 1316 3650 Bithyni
1332 3604 1349 3638 e

218 3671 279 3721 png.
295 3655 346 3705 246
359 3660 387 3705 et
399 3653 502 3706 conon.
518 3657 665 3709 Narratl.
703 3654 757 3704 Au·
808 3656 927 3706 Threcia
952 3658 978 3706 iu
998 3657 1091 3706 Asiam
1114 3657 1244 3720 ingressi,
1276 3663 1348 3706 teste

217 3727 257 3776 dit
268 3719 755 3789 SchweighaeusAEpriyovs,eiusdem
806 3726 946 3776 Herodoto
966 3727 1034 3784 vir,
1057 3727 1103 3782 75;
1133 3725 1205 3774 coni.
1231 3725 1346 3776 Giseke:

217 3796 331 3862 originis
350 3799 473 3859 gentem,
501 3795 528 3843 iu
548 3795 666 3845 Thracis
684 3809 755 3859 quse
806 3793 1279 3859 'l'hrnkisch-PeissgischeStitmme
1292 3801 1346 3846 etc.

217 3866 356 3926 meuserit,
369 3869 439 3913 teste
449 3863 581 3914 Herodot.
593 3864 641 3928 VI,
652 3865 694 3923 rt.
708 3865 754 3913 ubi
805 3877 869 3931 peg.
880 3867 911 3926 ⁶2,
926 3865 972 3929 qui
982 3863 1104 3928 Phryges
1117 3881 1142 3915 s.
1152 3865 1248 3928 Briges
1262 3863 1345 3915 hosce

216 3933 555 3995 eoni.nott.etVII,185.
588 3933 754 3998 ApudStre-
804 3949 859 3984 uns
873 3949 933 3984 eum
948 3933 1102 3985 Paeonibus
1118 3935 1228 3984 exhsis
1246 3935 1346 3984 minori

216 4006 311 4056 bouem
325 4003 387 4056 VII.
402 4016 464 4082 pag.
477 4001 566 4055 2950.
584 4017 605 4055 s.
620 4019 644 4068 p.
661 4003 755 4056 rous:
804 4004 942 4068 profectos
963 4003 1042 4055 sedes
1058 4003 1165 4068 cepisse
1183 4002 1243 4054 vnit
1261 4019 1345 4068 prope

216 4077 274 4140 (ubi
291 4074 372 4138 uulgo
395 4070 508 4137 Βρνγτς)
526 4071 589 4122 coll.
608 4073 670 4122 xl1.
689 4087 751 4138 pag.
803 4071 1235 4136 Macedones3vid.png.8.107.
1264 4072 1345 4137 Apud

215 4135 267 4196 550
287 4163 308 4196 s.
327 4145 417 4196 ests.
440 4159 512 4193 nune
535 4143 623 4192 editur
640 4139 752 4204 Bpr'yrc;
802 4143 970 4208 Hesychium
993 4145 1014 4192 Ι.
1035 4159 1060 4208 p.
1083 4142 1133 4193 rou
1155 4159 1177 4194 s.
1198 4157 1224 4195 v.
1247 4142 1346 4206 Βρίγες

215 4222 244 4264 tu
258 4215 314 4265 vid.
328 4215 361 4264 sd
381 4229 440 4264 eum
458 4213 475 4264 i.
491 4210 652 4262 Tzschucke
671 4213 703 4261 T.
717 4214 749 4264 V.
803 4213 873 4262 inter
889 4213 943 4262 slis
962 4212 1113 4262 efferuntur
1133 4226 1185 4275 quo
1207 4227 1241 4262 ne
1260 4211 1342 4262 haee:

214 4299 275 4347 psg.
292 4285 325 4335 92
340 4299 397 4348 seq.
416 4283 476 4336 coll.
496 4282 639 4345 Koeppen:
665 4281 752 4331 Nord-
798 4273 889 4348 Ἰόβας
906 4274 937 4330 δὲ
955 4273 1012 4330 ὑπὸ
1026 4277 1130 4332 Aeduis
1145 4227 1279 4342 φαίνεται
1294 4281 1343 4346 (ei.

212 4355 317 4416 gested.
331 4353 358 4404 d.
371 4355 451 4403 Pont.
465 4369 491 4417 p.
507 4353 554 4414 72,
574 4351 603 4401 C.
617 4352 649 4401 O.
665 4349 752 4402 Muei-
799 4345 1003 4416 ύποφαίνεται)
1026 4348 1114 4415 Βρίγα
1137 4348 1268 4413 λέγεσθαι
1292 4341 1344 4398 τόν

213 4421 260 4472 ier.
272 4424 337 4475 Dor.
351 4423 374 4474 I.
386 4439 413 4488 p.
426 4425 441 4474 7
454 4437 529 4487 seqq.
545 4425 584 4472 et:
602 4421 693 4472 Ucber
708 4421 751 4472 die
801 4410 967 4484 ίλεύθερονι
993 4420 1085 4471 eodem
1110 4435 1191 4472 sensu
1212 4437 1227 4472 e
1248 4419 1344 4485 lingue
