<?xml version="1.0" encoding="UTF-8"?>
<!DOCTYPE html PUBLIC "-//W3C//DTD XHTML 1.0 Transitional//EN"
    "http://www.w3.org/TR/xhtml1/DTD/xhtml1-transitional.dtd">
<html xmlns="http://www.w3.org/1999/xhtml" xml:lang="en" lang="en">
 <head>
  <title>
</title>
<meta http-equiv="Content-Type" content="text/html;charset=utf-8" />
  <meta name='ocr-system' content='tesseract 3.04.00' />
  <meta name='ocr-capabilities' content='ocr_page ocr_carea ocr_par ocr_line ocrx_word'/>
</head>
<body>
  <div class='ocr_page' id='page_1' title='image "./herodotihalicar01bhgoog_0790.png"; bbox 0 0 2986 5014; ppageno 0'>
   <div class='ocr_carea' id='block_1_1' title="bbox 445 347 980 413">
    <p class='ocr_par' dir='ltr' id='par_1_1' title="bbox 445 347 980 413">
     <span class='ocr_line' id='line_1_1' title="bbox 445 347 980 413; baseline -0.004 -3"><span class='ocrx_word' id='word_1_1' title='bbox 445 347 718 410; x_wconf 80' lang='lat' dir='ltr'><strong>POLYMNIA.</strong></span> <span class='ocrx_word' id='word_1_2' title='bbox 742 349 813 410; x_wconf 87' lang='lat' dir='ltr'><strong>Vll.</strong></span> <span class='ocrx_word' id='word_1_3' title='bbox 836 358 896 412; x_wconf 75' lang='lat'><strong>218.</strong></span> <span class='ocrx_word' id='word_1_4' title='bbox 919 357 980 413; x_wconf 74' lang='lat'><strong>219.</strong></span> 
     </span>
    </p>
   </div>
   <div class='ocr_carea' id='block_1_2' title="bbox 1217 349 1289 434">
    <p class='ocr_par' dir='ltr' id='par_1_2' title="bbox 1217 349 1289 434">
     <span class='ocr_line' id='line_1_2' title="bbox 1217 349 1289 434; baseline 0.028 -27"><span class='ocrx_word' id='word_1_5' title='bbox 1217 349 1289 434; x_wconf 71' lang='grc' dir='ltr'><strong>ιιιι</strong></span> 
     </span>
    </p>
   </div>
   <div class='ocr_carea' id='block_1_3' title="bbox 141 517 1342 1546">
    <p class='ocr_par' dir='ltr' id='par_1_3' title="bbox 144 517 1275 924">
     <span class='ocr_line' id='line_1_3' title="bbox 144 517 1275 612; baseline -0.005 -18"><span class='ocrx_word' id='word_1_6' title='bbox 144 531 224 612; x_wconf 89' lang='grc' dir='ltr'><strong><em>βον,</em></strong></span> <span class='ocrx_word' id='word_1_7' title='bbox 244 521 473 612; x_wconf 86' lang='grc' dir='ltr'><strong><em>ἐπιστάμενοι,</em></strong></span> <span class='ocrx_word' id='word_1_8' title='bbox 495 518 539 603; x_wconf 69' lang='grc' dir='ltr'><strong><em>οἱς</em></strong></span> <span class='ocrx_word' id='word_1_9' title='bbox 558 523 613 593; x_wconf 78' lang='grc' dir='ltr'><strong><em>ἐπὶ</em></strong></span> <span class='ocrx_word' id='word_1_10' title='bbox 634 526 738 610; x_wconf 88' lang='grc' dir='ltr'><strong><em>σφεάς</em></strong></span> <span class='ocrx_word' id='word_1_11' title='bbox 753 517 961 612; x_wconf 70' lang='grc' dir='ltr'><strong><em>ὡρμήθησαν</em></strong></span> <span class='ocrx_word' id='word_1_12' title='bbox 975 518 1098 611; x_wconf 88' lang='grc' dir='ltr'><strong><em>άρχήν,</em></strong></span> <span class='ocrx_word' id='word_1_13' title='bbox 1121 521 1176 590; x_wconf 77' lang='grc' dir='ltr'><strong><em>καὶ</em></strong></span> <span class='ocrx_word' id='word_1_14' title='bbox 1191 545 1275 608; x_wconf 91' lang='grc' dir='ltr'><strong><em>παρ-</em></strong></span> 
     </span>
     <span class='ocr_line' id='line_1_4' title="bbox 145 616 1275 715; baseline -0.005 -17"><span class='ocrx_word' id='word_1_15' title='bbox 145 627 350 698; x_wconf 84' lang='grc' dir='ltr'><strong><em>εσκευάδατο</em></strong></span> <span class='ocrx_word' id='word_1_16' title='bbox 375 623 420 706; x_wconf 67' lang='grc' dir='ltr'><strong><em>οἱς</em></strong></span> <span class='ocrx_word' id='word_1_17' title='bbox 439 623 669 714; x_wconf 80' lang='grc' dir='ltr'><strong><em>ἀπολεόμενοι.</em></strong></span> <span class='ocrx_word' id='word_1_18' title='bbox 706 616 799 695; x_wconf 82' lang='grc' dir='ltr'><strong><em>οὗτοι</em></strong></span> <span class='ocrx_word' id='word_1_19' title='bbox 822 627 885 714; x_wconf 78' lang='grc' dir='ltr'><strong>μέν</strong></span> <span class='ocrx_word' id='word_1_20' title='bbox 905 625 947 715; x_wconf 87' lang='grc' dir='ltr'><strong>δή</strong></span> <span class='ocrx_word' id='word_1_21' title='bbox 968 632 1072 695; x_wconf 81' lang='grc' dir='ltr'><strong><em>ταῦτα</em></strong></span> <span class='ocrx_word' id='word_1_22' title='bbox 1094 625 1275 713; x_wconf 75' lang='grc' dir='ltr'><strong><em>ἐφρόνεον·</em></strong></span> 
     </span>
     <span class='ocr_line' id='line_1_5' title="bbox 144 725 1275 819; baseline -0.004 -17"><span class='ocrx_word' id='word_1_23' title='bbox 144 737 180 802; x_wconf 87' lang='grc' dir='ltr'><strong><em>οί</em></strong></span> <span class='ocrx_word' id='word_1_24' title='bbox 190 733 228 802; x_wconf 78' lang='grc' dir='ltr'><strong><em>δέ</em></strong></span> <span class='ocrx_word' id='word_1_25' title='bbox 242 729 328 819; x_wconf 79' lang='grc' dir='ltr'><strong><em>ἀμφὶ</em></strong></span> <span class='ocrx_word' id='word_1_26' title='bbox 344 728 521 819; x_wconf 79' lang='grc' dir='ltr'><strong><em>Ἐπιάλτην</em></strong></span> <span class='ocrx_word' id='word_1_27' title='bbox 535 733 591 802; x_wconf 77' lang='grc' dir='ltr'><strong><em>καὶ</em></strong></span> <span class='ocrx_word' id='word_1_28' title='bbox 607 726 767 816; x_wconf 67' lang='grc' dir='ltr'><strong><em>Ὑδάρνεα</em></strong></span> <span class='ocrx_word' id='word_1_29' title='bbox 776 733 904 818; x_wconf 79' lang='grc' dir='ltr'><strong><em>Πέρσαι</em></strong></span> <span class='ocrx_word' id='word_1_30' title='bbox 916 734 1063 800; x_wconf 81' lang='grc' dir='ltr'><strong><em>Φωκέων</em></strong></span> <span class='ocrx_word' id='word_1_31' title='bbox 1075 729 1137 818; x_wconf 76' lang='grc' dir='ltr'><strong>μὲν</strong></span> <span class='ocrx_word' id='word_1_32' title='bbox 1151 725 1275 798; x_wconf 82' lang='grc' dir='ltr'><strong><em>οὐδένα</em></strong></span> 
     </span>
     <span class='ocr_line' id='line_1_6' title="bbox 145 825 1146 924; baseline -0.002 -20"><span class='ocrx_word' id='word_1_33' title='bbox 145 837 246 924; x_wconf 80' lang='grc' dir='ltr'><strong><em>λόγον</em></strong></span> <span class='ocrx_word' id='word_1_34' title='bbox 260 839 451 920; x_wconf 79' lang='grc' dir='ltr'><strong><em>ἐποιεῦντο,</em></strong></span> <span class='ocrx_word' id='word_1_35' title='bbox 468 840 503 904; x_wconf 85' lang='grc' dir='ltr'><strong><em>ολ</em></strong></span> <span class='ocrx_word' id='word_1_36' title='bbox 514 837 551 904; x_wconf 82' lang='grc' dir='ltr'><strong><em>δέ</em></strong></span> <span class='ocrx_word' id='word_1_37' title='bbox 565 837 764 920; x_wconf 80' lang='grc' dir='ltr'><strong><em>κατέβαινον</em></strong></span> <span class='ocrx_word' id='word_1_38' title='bbox 777 832 815 904; x_wconf 88' lang='grc' dir='ltr'><strong>τό</strong></span> <span class='ocrx_word' id='word_1_39' title='bbox 828 825 928 920; x_wconf 79' lang='grc' dir='ltr'><strong><em>οὖρος</em></strong></span> <span class='ocrx_word' id='word_1_40' title='bbox 942 832 1026 902; x_wconf 89' lang='grc' dir='ltr'><strong><em>κατά</em></strong></span> <span class='ocrx_word' id='word_1_41' title='bbox 1041 834 1146 920; x_wconf 87' lang='grc' dir='ltr'><strong><em>τάχος.</em></strong></span> 
     </span>
    </p>

    <p class='ocr_par' dir='ltr' id='par_1_4' title="bbox 141 929 1342 1546">
     <span class='ocr_line' id='line_1_7' title="bbox 231 929 1342 1028; baseline -0.002 -21"><span class='ocrx_word' id='word_1_42' title='bbox 231 947 321 1008; x_wconf 75' lang='grc' dir='ltr'><strong><em>Τοῖσι</em></strong></span> <span class='ocrx_word' id='word_1_43' title='bbox 343 939 379 1008; x_wconf 78' lang='grc' dir='ltr'><strong>δὲ</strong></span> <span class='ocrx_word' id='word_1_44' title='bbox 401 941 439 1007; x_wconf 93' lang='grc' dir='ltr'><strong>ἐν</strong></span> <span class='ocrx_word' id='word_1_45' title='bbox 454 939 691 1028; x_wconf 76' lang='grc' dir='ltr'><strong><em>Θερμοπύλῃσι</em></strong></span> <span class='ocrx_word' id='word_1_46' title='bbox 712 941 804 1007; x_wconf 80' lang='grc' dir='ltr'><strong><em>ἐοῦσι</em></strong></span> <span class='ocrx_word' id='word_1_47' title='bbox 826 934 993 1026; x_wconf 81' lang='grc' dir='ltr'><strong><em>Ἑλλήνων</em></strong></span> <span class='ocrx_word' id='word_1_48' title='bbox 1013 943 1148 1024; x_wconf 74' lang='grc' dir='ltr'><strong><em>πρῶτον</em></strong></span> <span class='ocrx_word' id='word_1_49' title='bbox 1173 936 1235 1026; x_wconf 74' lang='grc' dir='ltr'><strong>μὶν</strong></span> <span class='ocrx_word' id='word_1_50' title='bbox 1256 929 1342 1005; x_wconf 76' lang='lat'>6219</span> 
     </span>
     <span class='ocr_line' id='line_1_8' title="bbox 141 1039 1273 1131; baseline -0.003 -20"><span class='ocrx_word' id='word_1_51' title='bbox 141 1043 259 1131; x_wconf 91' lang='grc' dir='ltr'><strong><em>μάντις</em></strong></span> <span class='ocrx_word' id='word_1_52' title='bbox 274 1050 476 1130; x_wconf 81' lang='grc' dir='ltr'><strong><em>Μεγιστίης,</em></strong></span> <span class='ocrx_word' id='word_1_53' title='bbox 491 1041 613 1112; x_wconf 78' lang='grc' dir='ltr'><strong><em>ἐσιδόν</em></strong></span> <span class='ocrx_word' id='word_1_54' title='bbox 627 1046 660 1122; x_wconf 86' lang='grc' dir='ltr'><strong><em>ἐς</em></strong></span> <span class='ocrx_word' id='word_1_55' title='bbox 672 1039 712 1110; x_wconf 88' lang='grc' dir='ltr'><strong>τά</strong></span> <span class='ocrx_word' id='word_1_56' title='bbox 727 1039 799 1126; x_wconf 81' lang='grc' dir='ltr'><strong><em>ἱρά,</em></strong></span> <span class='ocrx_word' id='word_1_57' title='bbox 814 1047 940 1129; x_wconf 88' lang='grc' dir='ltr'><strong><em>ἐφρασε</em></strong></span> <span class='ocrx_word' id='word_1_58' title='bbox 953 1039 1012 1110; x_wconf 86' lang='grc' dir='ltr'><strong>τόν</strong></span> <span class='ocrx_word' id='word_1_59' title='bbox 1025 1047 1188 1130; x_wconf 85' lang='grc' dir='ltr'><strong><em>μέλλοντα</em></strong></span> <span class='ocrx_word' id='word_1_60' title='bbox 1203 1046 1273 1108; x_wconf 88' lang='grc' dir='ltr'><strong><em>έσε-</em></strong></span> 
     </span>
     <span class='ocr_line' id='line_1_9' title="bbox 142 1136 1273 1236; baseline -0.003 -21"><span class='ocrx_word' id='word_1_61' title='bbox 142 1158 224 1215; x_wconf 84' lang='grc' dir='ltr'><strong><em>σθαι</em></strong></span> <span class='ocrx_word' id='word_1_62' title='bbox 238 1144 306 1235; x_wconf 81' lang='grc' dir='ltr'><strong>ἅμα</strong></span> <span class='ocrx_word' id='word_1_63' title='bbox 319 1143 373 1236; x_wconf 81' lang='grc' dir='ltr'><strong><em>ήολ</em></strong></span> <span class='ocrx_word' id='word_1_64' title='bbox 387 1168 448 1233; x_wconf 87' lang='grc' dir='ltr'><strong>σφι</strong></span> <span class='ocrx_word' id='word_1_65' title='bbox 462 1147 629 1216; x_wconf 79' lang='grc' dir='ltr'><strong><em>θάνατον·</em></strong></span> <span class='ocrx_word' id='word_1_66' title='bbox 657 1146 711 1214; x_wconf 77' lang='grc' dir='ltr'><strong><em>ἐπὶ</em></strong></span> <span class='ocrx_word' id='word_1_67' title='bbox 726 1145 763 1214; x_wconf 71' lang='grc' dir='ltr'><strong>δὲ</strong></span> <span class='ocrx_word' id='word_1_68' title='bbox 777 1146 832 1212; x_wconf 81' lang='grc' dir='ltr'><strong><em>καὶ</em></strong></span> <span class='ocrx_word' id='word_1_69' title='bbox 843 1143 1021 1234; x_wconf 82' lang='grc' dir='ltr'><strong><em>αὐτόμολοι</em></strong></span> <span class='ocrx_word' id='word_1_70' title='bbox 1035 1136 1121 1234; x_wconf 80' lang='grc' dir='ltr'><strong><em>ἦσαν</em></strong></span> <span class='ocrx_word' id='word_1_71' title='bbox 1134 1148 1170 1213; x_wconf 80' lang='grc' dir='ltr'><strong><em>οἱ</em></strong></span> <span class='ocrx_word' id='word_1_72' title='bbox 1180 1147 1273 1229; x_wconf 78' lang='grc' dir='ltr'><strong><em>ἐξαγ-</em></strong></span> 
     </span>
     <span class='ocr_line' id='line_1_10' title="bbox 142 1239 1275 1339; baseline -0.004 -20"><span class='ocrx_word' id='word_1_73' title='bbox 142 1259 314 1337; x_wconf 75' lang='grc' dir='ltr'><strong><em>γείλαντες</em></strong></span> <span class='ocrx_word' id='word_1_74' title='bbox 334 1255 402 1319; x_wconf 76' lang='grc' dir='ltr'><strong>τόν</strong></span> <span class='ocrx_word' id='word_1_75' title='bbox 424 1253 586 1337; x_wconf 80' lang='grc' dir='ltr'><strong><em>Περσέων</em></strong></span> <span class='ocrx_word' id='word_1_76' title='bbox 605 1248 665 1339; x_wconf 85' lang='grc' dir='ltr'><strong>τήν</strong></span> <span class='ocrx_word' id='word_1_77' title='bbox 687 1255 863 1335; x_wconf 76' lang='grc' dir='ltr'><strong><em>περίοδον·</em></strong></span> <span class='ocrx_word' id='word_1_78' title='bbox 897 1239 988 1318; x_wconf 81' lang='grc' dir='ltr'><strong><em>οὗτοι</em></strong></span> <span class='ocrx_word' id='word_1_79' title='bbox 1008 1249 1070 1337; x_wconf 75' lang='grc' dir='ltr'><strong>μὲν</strong></span> <span class='ocrx_word' id='word_1_80' title='bbox 1088 1255 1136 1317; x_wconf 86' lang='grc' dir='ltr'><strong>ἐτι</strong></span> <span class='ocrx_word' id='word_1_81' title='bbox 1155 1245 1275 1326; x_wconf 87' lang='grc' dir='ltr'><strong><em>νυκτὸς</em></strong></span> 
     </span>
     <span class='ocr_line' id='line_1_11' title="bbox 143 1348 1274 1442; baseline -0.004 -18"><span class='ocrx_word' id='word_1_82' title='bbox 143 1353 329 1442; x_wconf 73' lang='grc' dir='ltr'><strong><em>ἐσήμηναν,</em></strong></span> <span class='ocrx_word' id='word_1_83' title='bbox 351 1361 456 1440; x_wconf 83' lang='grc' dir='ltr'><strong><em>τρίτοι</em></strong></span> <span class='ocrx_word' id='word_1_84' title='bbox 478 1354 515 1423; x_wconf 72' lang='grc' dir='ltr'><strong>δὲ</strong></span> <span class='ocrx_word' id='word_1_85' title='bbox 535 1360 570 1422; x_wconf 74' lang='grc' dir='ltr'><strong>σι’</strong></span> <span class='ocrx_word' id='word_1_86' title='bbox 579 1349 818 1442; x_wconf 79' lang='grc' dir='ltr'><strong><em>ἡμεροσκόποι,</em></strong></span> <span class='ocrx_word' id='word_1_87' title='bbox 846 1352 1114 1440; x_wconf 84' lang='grc' dir='ltr'><strong><em>καταδραμόντες</em></strong></span> <span class='ocrx_word' id='word_1_88' title='bbox 1128 1348 1274 1422; x_wconf 79' lang='grc' dir='ltr'><strong><em>άπὸτών</em></strong></span> 
     </span>
     <span class='ocr_line' id='line_1_12' title="bbox 142 1453 1277 1546; baseline -0.002 -20"><span class='ocrx_word' id='word_1_89' title='bbox 142 1455 272 1544; x_wconf 86' lang='grc' dir='ltr'><strong><em>άκρων,</em></strong></span> <span class='ocrx_word' id='word_1_90' title='bbox 296 1455 361 1545; x_wconf 87' lang='grc' dir='ltr'><strong>ήδη</strong></span> <span class='ocrx_word' id='word_1_91' title='bbox 382 1457 626 1546; x_wconf 83' lang='grc' dir='ltr'><strong><em>διαφαινούσης</em></strong></span> <span class='ocrx_word' id='word_1_92' title='bbox 646 1453 786 1546; x_wconf 81' lang='grc' dir='ltr'><strong><em>ἡμέρης·</em></strong></span> <span class='ocrx_word' id='word_1_93' title='bbox 823 1459 971 1524; x_wconf 79' lang='grc' dir='ltr'><strong><em>ἐνθαῦτα</em></strong></span> <span class='ocrx_word' id='word_1_94' title='bbox 1000 1455 1222 1542; x_wconf 80' lang='grc' dir='ltr'><strong><em>ἐβουλεύοντο</em></strong></span> <span class='ocrx_word' id='word_1_95' title='bbox 1242 1459 1277 1524; x_wconf 80' lang='lat' dir='ltr'><strong>oc</strong></span> 
     </span>
    </p>
   </div>
   <div class='ocr_carea' id='block_1_4' title="bbox 139 1621 1274 2462">
    <p class='ocr_par' dir='ltr' id='par_1_5' title="bbox 141 1621 1274 2322">
     <span class='ocr_line' id='line_1_13' title="bbox 143 1621 1274 1695; baseline -0.001 -16"><span class='ocrx_word' id='word_1_96' title='bbox 143 1645 194 1695; x_wconf 89' lang='lat' dir='ltr'><strong>qne</strong></span> <span class='ocrx_word' id='word_1_97' title='bbox 222 1628 350 1694; x_wconf 79' lang='lat' dir='ltr'><strong>legimns:</strong></span> <span class='ocrx_word' id='word_1_98' title='bbox 380 1623 510 1678; x_wconf 82' lang='grc' dir='ltr'><strong><em>καθόλου</em></strong></span> <span class='ocrx_word' id='word_1_99' title='bbox 535 1623 629 1679; x_wconf 89' lang='grc' dir='ltr'><strong><em>πάντα</em></strong></span> <span class='ocrx_word' id='word_1_100' title='bbox 651 1621 685 1679; x_wconf 87' lang='grc' dir='ltr'><strong>τόι</strong></span> <span class='ocrx_word' id='word_1_101' title='bbox 735 1627 823 1686; x_wconf 83' lang='lat' dir='ltr'><strong>ierus,</strong></span> <span class='ocrx_word' id='word_1_102' title='bbox 840 1644 918 1695; x_wconf 87' lang='lat' dir='ltr'><strong>quem</strong></span> <span class='ocrx_word' id='word_1_103' title='bbox 932 1630 1056 1694; x_wconf 88' lang='lat' dir='ltr'><strong>sequitur</strong></span> <span class='ocrx_word' id='word_1_104' title='bbox 1067 1627 1274 1694; x_wconf 77' lang='lat' dir='ltr'><strong>Schweighaeu-</strong></span> 
     </span>
     <span class='ocr_line' id='line_1_14' title="bbox 143 1687 1271 1764; baseline 0 -16"><span class='ocrx_word' id='word_1_105' title='bbox 143 1698 267 1762; x_wconf 81' lang='grc' dir='ltr'><strong><em>μετέωρα</em></strong></span> <span class='ocrx_word' id='word_1_106' title='bbox 286 1695 334 1747; x_wconf 81' lang='grc' dir='ltr'><strong><em>καλ</em></strong></span> <span class='ocrx_word' id='word_1_107' title='bbox 350 1694 390 1754; x_wconf 81' lang='grc' dir='ltr'><strong>είς</strong></span> <span class='ocrx_word' id='word_1_108' title='bbox 409 1687 485 1761; x_wconf 78' lang='grc' dir='ltr'><strong><em>ὕφος</em></strong></span> <span class='ocrx_word' id='word_1_109' title='bbox 498 1690 684 1750; x_wconf 80' lang='grc' dir='ltr'><strong><em>ἀνατείνοντα</em></strong></span> <span class='ocrx_word' id='word_1_110' title='bbox 734 1713 827 1762; x_wconf 85' lang='lat' dir='ltr'><strong>serus,</strong></span> <span class='ocrx_word' id='word_1_111' title='bbox 845 1699 877 1748; x_wconf 89' lang='lat' dir='ltr'><strong>de</strong></span> <span class='ocrx_word' id='word_1_112' title='bbox 888 1714 938 1749; x_wconf 87' lang='lat' dir='ltr'><strong>suo</strong></span> <span class='ocrx_word' id='word_1_113' title='bbox 952 1699 1064 1750; x_wconf 86' lang='lat' dir='ltr'><strong>dederat</strong></span> <span class='ocrx_word' id='word_1_114' title='bbox 1079 1692 1201 1748; x_wconf 79' lang='grc' dir='ltr'><strong><em>ἔπειτινι</em></strong></span> <span class='ocrx_word' id='word_1_115' title='bbox 1219 1715 1271 1764; x_wconf 86' lang='lat' dir='ltr'><strong>quo</strong></span> 
     </span>
     <span class='ocr_line' id='line_1_15' title="bbox 144 1763 1272 1834; baseline 0 -16"><span class='ocrx_word' id='word_1_116' title='bbox 144 1765 306 1832; x_wconf 83' lang='grc' dir='ltr'><strong><em>κορύμβους</em></strong></span> <span class='ocrx_word' id='word_1_117' title='bbox 329 1763 447 1832; x_wconf 74' lang='grc' dir='ltr'><strong><em>λέγουσι.</em></strong></span> <span class='ocrx_word' id='word_1_118' title='bbox 490 1769 586 1834; x_wconf 83' lang='lat' dir='ltr'><strong>Itaque</strong></span> <span class='ocrx_word' id='word_1_119' title='bbox 611 1775 683 1821; x_wconf 85' lang='lat' dir='ltr'><strong>recte</strong></span> <span class='ocrx_word' id='word_1_120' title='bbox 735 1773 824 1818; x_wconf 84' lang='lat' dir='ltr'><strong>tamen</strong></span> <span class='ocrx_word' id='word_1_121' title='bbox 843 1769 995 1832; x_wconf 81' lang='lat' dir='ltr'><strong>elegantius</strong></span> <span class='ocrx_word' id='word_1_122' title='bbox 1013 1771 1120 1820; x_wconf 85' lang='lat' dir='ltr'><strong>videtur</strong></span> <span class='ocrx_word' id='word_1_123' title='bbox 1138 1770 1272 1820; x_wconf 83' lang='lat' dir='ltr'><strong>Bradovio</strong></span> 
     </span>
     <span class='ocr_line' id='line_1_16' title="bbox 145 1836 1272 1904; baseline 0.001 -15"><span class='ocrx_word' id='word_1_124' title='bbox 145 1839 231 1889; x_wconf 83' lang='lat' dir='ltr'><strong>tradit</strong></span> <span class='ocrx_word' id='word_1_125' title='bbox 241 1837 356 1890; x_wconf 83' lang='lat' dir='ltr'><strong>Schoen.</strong></span> <span class='ocrx_word' id='word_1_126' title='bbox 369 1839 398 1886; x_wconf 88' lang='lat' dir='ltr'><strong>in</strong></span> <span class='ocrx_word' id='word_1_127' title='bbox 411 1837 560 1890; x_wconf 81' lang='lat' dir='ltr'><strong>Commeat.</strong></span> <span class='ocrx_word' id='word_1_128' title='bbox 576 1840 610 1889; x_wconf 88' lang='lat' dir='ltr'><strong>de</strong></span> <span class='ocrx_word' id='word_1_129' title='bbox 623 1856 684 1904; x_wconf 88' lang='lat' dir='ltr'><strong>per·</strong></span> <span class='ocrx_word' id='word_1_130' title='bbox 733 1855 796 1903; x_wconf 78' lang='lat' dir='ltr'><strong>pag.</strong></span> <span class='ocrx_word' id='word_1_131' title='bbox 807 1836 855 1889; x_wconf 89' lang='grc'><strong>109</strong></span> <span class='ocrx_word' id='word_1_132' title='bbox 866 1838 901 1898; x_wconf 85' lang='lat' dir='ltr'><strong>id,</strong></span> <span class='ocrx_word' id='word_1_133' title='bbox 914 1839 984 1904; x_wconf 91' lang='lat' dir='ltr'><strong>quod</strong></span> <span class='ocrx_word' id='word_1_134' title='bbox 996 1839 1201 1890; x_wconf 78' lang='lat' dir='ltr'><strong>aVnickenario</strong></span> <span class='ocrx_word' id='word_1_135' title='bbox 1211 1855 1272 1904; x_wconf 87' lang='lat' dir='ltr'><strong>pro-</strong></span> 
     </span>
     <span class='ocr_line' id='line_1_17' title="bbox 143 1901 1271 1974; baseline -0.001 -15"><span class='ocrx_word' id='word_1_136' title='bbox 143 1923 218 1959; x_wconf 89' lang='lat' dir='ltr'><strong>scun.</strong></span> <span class='ocrx_word' id='word_1_137' title='bbox 238 1910 266 1957; x_wconf 94' lang='lat' dir='ltr'><strong>in</strong></span> <span class='ocrx_word' id='word_1_138' title='bbox 278 1908 403 1972; x_wconf 85' lang='lat' dir='ltr'><strong>Euripid.</strong></span> <span class='ocrx_word' id='word_1_139' title='bbox 416 1909 516 1958; x_wconf 83' lang='lat' dir='ltr'><strong>Bacch.</strong></span> <span class='ocrx_word' id='word_1_140' title='bbox 530 1924 556 1974; x_wconf 89' lang='lat' dir='ltr'><strong>p.</strong></span> <span class='ocrx_word' id='word_1_141' title='bbox 573 1911 616 1960; x_wconf 83' lang='lat'><strong>101</strong></span> <span class='ocrx_word' id='word_1_142' title='bbox 636 1901 683 1958; x_wconf 88' lang='grc' dir='ltr'><strong><em>κό-</em></strong></span> <span class='ocrx_word' id='word_1_143' title='bbox 733 1908 1271 1972; x_wconf 75' lang='lat' dir='ltr'><strong>positum,suaistordio‚ssekkero,1)in-</strong></span> 
     </span>
     <span class='ocr_line' id='line_1_18' title="bbox 143 1969 1271 2044; baseline -0.001 -18"><span class='ocrx_word' id='word_1_144' title='bbox 143 1975 252 2044; x_wconf 86' lang='grc' dir='ltr'><strong><em>ρυμβσν</em></strong></span> <span class='ocrx_word' id='word_1_145' title='bbox 267 1979 321 2028; x_wconf 87' lang='lat' dir='ltr'><strong>dici</strong></span> <span class='ocrx_word' id='word_1_146' title='bbox 336 1981 368 2027; x_wconf 89' lang='lat' dir='ltr'><strong>de</strong></span> <span class='ocrx_word' id='word_1_147' title='bbox 385 1993 430 2040; x_wconf 84' lang='lat' dir='ltr'><strong>eo,</strong></span> <span class='ocrx_word' id='word_1_148' title='bbox 450 1979 580 2044; x_wconf 85' lang='lat' dir='ltr'><strong>quidquid</strong></span> <span class='ocrx_word' id='word_1_149' title='bbox 593 1982 620 2028; x_wconf 94' lang='lat' dir='ltr'><strong>in</strong></span> <span class='ocrx_word' id='word_1_150' title='bbox 633 1993 681 2028; x_wconf 89' lang='lat' dir='ltr'><strong>sua</strong></span> <span class='ocrx_word' id='word_1_151' title='bbox 731 1977 814 2028; x_wconf 77' lang='lat' dir='ltr'><strong>dontio</strong></span> <span class='ocrx_word' id='word_1_152' title='bbox 827 1983 854 2028; x_wconf 87' lang='lat' dir='ltr'><strong>et</strong></span> <span class='ocrx_word' id='word_1_153' title='bbox 865 1979 1007 2028; x_wconf 86' lang='lat' dir='ltr'><strong>Dietechio</strong></span> <span class='ocrx_word' id='word_1_154' title='bbox 1016 1984 1151 2042; x_wconf 87' lang='lat' dir='ltr'><strong>receptum</strong></span> <span class='ocrx_word' id='word_1_155' title='bbox 1163 1983 1214 2040; x_wconf 84' lang='lat' dir='ltr'><strong>est,</strong></span> <span class='ocrx_word' id='word_1_156' title='bbox 1225 1969 1271 2026; x_wconf 83' lang='grc' dir='ltr'><strong><em>έπλ</em></strong></span> 
     </span>
     <span class='ocr_line' id='line_1_19' title="bbox 142 2041 1271 2113; baseline -0.003 -14"><span class='ocrx_word' id='word_1_157' title='bbox 142 2065 170 2099; x_wconf 88' lang='lat' dir='ltr'><strong>ro</strong></span> <span class='ocrx_word' id='word_1_158' title='bbox 185 2050 337 2113; x_wconf 78' lang='lat' dir='ltr'><strong>promineat</strong></span> <span class='ocrx_word' id='word_1_159' title='bbox 349 2047 485 2099; x_wconf 84' lang='lat' dir='ltr'><strong>celsumvc</strong></span> <span class='ocrx_word' id='word_1_160' title='bbox 496 2049 541 2098; x_wconf 90' lang='lat' dir='ltr'><strong>sit.</strong></span> <span class='ocrx_word' id='word_1_161' title='bbox 569 2049 612 2098; x_wconf 83' lang='lat' dir='ltr'><strong>Tu</strong></span> <span class='ocrx_word' id='word_1_162' title='bbox 626 2051 681 2100; x_wconf 82' lang='lat' dir='ltr'><strong>rid.</strong></span> <span class='ocrx_word' id='word_1_163' title='bbox 731 2041 777 2110; x_wconf 77' lang='grc' dir='ltr'><strong><em>δέ,</em></strong></span> <span class='ocrx_word' id='word_1_164' title='bbox 792 2048 918 2112; x_wconf 87' lang='lat' dir='ltr'><strong>quodque</strong></span> <span class='ocrx_word' id='word_1_165' title='bbox 930 2049 990 2112; x_wconf 90' lang='lat' dir='ltr'><strong>ipse</strong></span> <span class='ocrx_word' id='word_1_166' title='bbox 1003 2063 1073 2098; x_wconf 90' lang='lat' dir='ltr'><strong>nunc</strong></span> <span class='ocrx_word' id='word_1_167' title='bbox 1084 2048 1271 2112; x_wconf 84' lang='lat' dir='ltr'><strong>recipiendum</strong></span> 
     </span>
     <span class='ocr_line' id='line_1_20' title="bbox 142 2117 1272 2184; baseline -0.002 -16"><span class='ocrx_word' id='word_1_168' title='bbox 142 2133 251 2184; x_wconf 91' lang='lat' dir='ltr'><strong>quoque</strong></span> <span class='ocrx_word' id='word_1_169' title='bbox 271 2118 395 2168; x_wconf 83' lang='lat' dir='ltr'><strong>Perizon.</strong></span> <span class='ocrx_word' id='word_1_170' title='bbox 415 2119 451 2167; x_wconf 84' lang='lat' dir='ltr'><strong>nd</strong></span> <span class='ocrx_word' id='word_1_171' title='bbox 471 2117 576 2168; x_wconf 83' lang='lat' dir='ltr'><strong>Aeliau.</strong></span> <span class='ocrx_word' id='word_1_172' title='bbox 598 2120 628 2168; x_wconf 89' lang='lat' dir='ltr'><strong>V.</strong></span> <span class='ocrx_word' id='word_1_173' title='bbox 645 2120 680 2169; x_wconf 88' lang='lat' dir='ltr'><strong>H.</strong></span> <span class='ocrx_word' id='word_1_174' title='bbox 731 2117 804 2168; x_wconf 81' lang='lat' dir='ltr'><strong>duxi.</strong></span> <span class='ocrx_word' id='word_1_175' title='bbox 836 2119 943 2168; x_wconf 80' lang='lat' dir='ltr'>Etenim</span> <span class='ocrx_word' id='word_1_176' title='bbox 959 2117 1032 2181; x_wconf 86' lang='lat' dir='ltr'><strong>olim,</strong></span> <span class='ocrx_word' id='word_1_177' title='bbox 1046 2118 1117 2182; x_wconf 89' lang='lat' dir='ltr'><strong>quod</strong></span> <span class='ocrx_word' id='word_1_178' title='bbox 1129 2117 1192 2166; x_wconf 84' lang='lat' dir='ltr'>libri</span> <span class='ocrx_word' id='word_1_179' title='bbox 1206 2119 1272 2168; x_wconf 86' lang='lat' dir='ltr'><strong>seri-</strong></span> 
     </span>
     <span class='ocr_line' id='line_1_21' title="bbox 143 2187 1271 2253; baseline -0.002 -15"><span class='ocrx_word' id='word_1_180' title='bbox 143 2189 191 2250; x_wconf 80' lang='lat' dir='ltr'><strong>w,</strong></span> <span class='ocrx_word' id='word_1_181' title='bbox 204 2189 246 2249; x_wconf 77' lang='lat'><strong>22,</strong></span> <span class='ocrx_word' id='word_1_182' title='bbox 262 2203 339 2253; x_wconf 90' lang='lat' dir='ltr'><strong>quem</strong></span> <span class='ocrx_word' id='word_1_183' title='bbox 350 2187 448 2238; x_wconf 88' lang='lat' dir='ltr'><strong>dudum</strong></span> <span class='ocrx_word' id='word_1_184' title='bbox 462 2188 579 2238; x_wconf 81' lang='lat' dir='ltr'><strong>conferri</strong></span> <span class='ocrx_word' id='word_1_185' title='bbox 589 2188 681 2238; x_wconf 85' lang='lat' dir='ltr'><strong>rolue·</strong></span> <span class='ocrx_word' id='word_1_186' title='bbox 731 2189 771 2252; x_wconf 90' lang='lat' dir='ltr'><strong>pti</strong></span> <span class='ocrx_word' id='word_1_187' title='bbox 785 2187 920 2248; x_wconf 82' lang='lat' dir='ltr'><strong>serebant,</strong></span> <span class='ocrx_word' id='word_1_188' title='bbox 938 2188 1108 2238; x_wconf 78' lang='lat' dir='ltr'><strong>retinendum</strong></span> <span class='ocrx_word' id='word_1_189' title='bbox 1121 2202 1181 2238; x_wconf 87' lang='lat' dir='ltr'><strong>esse</strong></span> <span class='ocrx_word' id='word_1_190' title='bbox 1192 2193 1271 2251; x_wconf 84' lang='lat' dir='ltr'><strong>puts·</strong></span> 
     </span>
     <span class='ocr_line' id='line_1_22' title="bbox 141 2247 1270 2322; baseline -0.004 -14"><span class='ocrx_word' id='word_1_191' title='bbox 141 2263 186 2308; x_wconf 83' lang='lat' dir='ltr'><strong>rat</strong></span> <span class='ocrx_word' id='word_1_192' title='bbox 200 2257 363 2307; x_wconf 79' lang='lat' dir='ltr'><strong>Valckenar.</strong></span> <span class='ocrx_word' id='word_1_193' title='bbox 730 2273 824 2308; x_wconf 84' lang='lat' dir='ltr'><strong>veram</strong></span> <span class='ocrx_word' id='word_1_194' title='bbox 838 2248 898 2305; x_wconf 72' lang='grc' dir='ltr'><strong><em>ἐπεὶ</em></strong></span> <span class='ocrx_word' id='word_1_195' title='bbox 910 2252 956 2320; x_wconf 74' lang='grc' dir='ltr'><strong><em>δὲ,</em></strong></span> <span class='ocrx_word' id='word_1_196' title='bbox 970 2256 1116 2322; x_wconf 78' lang='lat' dir='ltr'><strong>quodcum</strong></span> <span class='ocrx_word' id='word_1_197' title='bbox 1131 2256 1214 2306; x_wconf 85' lang='lat' dir='ltr'><strong>verbo</strong></span> <span class='ocrx_word' id='word_1_198' title='bbox 1226 2247 1270 2319; x_wconf 77' lang='grc' dir='ltr'><strong>ἥλ-</strong></span> 
     </span>
    </p>

    <p class='ocr_par' dir='ltr' id='par_1_6' title="bbox 139 2319 1270 2462">
     <span class='ocr_line' id='line_1_23' title="bbox 177 2319 1270 2392; baseline 0 -16"><span class='ocrx_word' id='word_1_199' title='bbox 177 2319 367 2390; x_wconf 82' lang='grc' dir='ltr'><strong><em>ἐπιστάμενοι]</em></strong></span> <span class='ocrx_word' id='word_1_200' title='bbox 383 2326 463 2376; x_wconf 83' lang='lat' dir='ltr'><strong>Vslls</strong></span> <span class='ocrx_word' id='word_1_201' title='bbox 475 2327 578 2378; x_wconf 77' lang='lat' dir='ltr'>reddit:</span> <span class='ocrx_word' id='word_1_202' title='bbox 589 2331 680 2392; x_wconf 79' lang='lat' dir='ltr'><strong>pucri,·</strong></span> <span class='ocrx_word' id='word_1_203' title='bbox 731 2339 784 2376; x_wconf 89' lang='grc' dir='ltr'><strong>σαν</strong></span> <span class='ocrx_word' id='word_1_204' title='bbox 794 2328 917 2392; x_wconf 81' lang='lat' dir='ltr'><strong>protasia</strong></span> <span class='ocrx_word' id='word_1_205' title='bbox 929 2329 1093 2389; x_wconf 80' lang='lat' dir='ltr'><strong>constituat,</strong></span> <span class='ocrx_word' id='word_1_206' title='bbox 1104 2327 1150 2376; x_wconf 88' lang='lat' dir='ltr'><strong>cui</strong></span> <span class='ocrx_word' id='word_1_207' title='bbox 1159 2341 1270 2390; x_wconf 86' lang='lat' dir='ltr'><strong>respon·</strong></span> 
     </span>
     <span class='ocr_line' id='line_1_24' title="bbox 139 2396 1268 2462; baseline 0.001 -17"><span class='ocrx_word' id='word_1_208' title='bbox 139 2397 681 2462; x_wconf 55' lang='lat' dir='ltr'><strong>Wasselingiusmredenten·malimequi·</strong></span> <span class='ocrx_word' id='word_1_209' title='bbox 731 2397 794 2447; x_wconf 85' lang='lat' dir='ltr'><strong>dest</strong></span> <span class='ocrx_word' id='word_1_210' title='bbox 818 2397 963 2462; x_wconf 82' lang='lat' dir='ltr'><strong>apodusie‚</strong></span> <span class='ocrx_word' id='word_1_211' title='bbox 986 2397 1119 2460; x_wconf 74' lang='lat' dir='ltr'><strong>incipiens</strong></span> <span class='ocrx_word' id='word_1_212' title='bbox 1142 2412 1159 2445; x_wconf 89' lang='grc' dir='ltr'><strong>ιι</strong></span> <span class='ocrx_word' id='word_1_213' title='bbox 1178 2396 1268 2446; x_wconf 89' lang='lat' dir='ltr'><strong>verbis</strong></span> 
     </span>
    </p>
   </div>
   <div class='ocr_carea' id='block_1_5' title="bbox 138 2467 681 3088">
    <p class='ocr_par' dir='ltr' id='par_1_7' title="bbox 138 2467 681 3088">
     <span class='ocr_line' id='line_1_25' title="bbox 141 2467 681 2530; baseline 0.006 -14"><span class='ocrx_word' id='word_1_214' title='bbox 141 2467 200 2518; x_wconf 81' lang='lat' dir='ltr'><strong>dem</strong></span> <span class='ocrx_word' id='word_1_215' title='bbox 213 2475 344 2530; x_wconf 74' lang='lat' dir='ltr'><strong>palmites,</strong></span> <span class='ocrx_word' id='word_1_216' title='bbox 364 2469 533 2518; x_wconf 64' lang='lat' dir='ltr'><strong>existimantes</strong></span> <span class='ocrx_word' id='word_1_217' title='bbox 549 2469 583 2517; x_wconf 91' lang='lat' dir='ltr'><strong>cb</strong></span> <span class='ocrx_word' id='word_1_218' title='bbox 597 2469 681 2519; x_wconf 82' lang='lat' dir='ltr'><strong>rerba</strong></span> 
     </span>
     <span class='ocr_line' id='line_1_26' title="bbox 140 2535 680 2603; baseline 0.002 -16"><span class='ocrx_word' id='word_1_219' title='bbox 140 2553 233 2603; x_wconf 71' lang='lat' dir='ltr'><strong>seqq..</strong></span> <span class='ocrx_word' id='word_1_220' title='bbox 256 2551 325 2601; x_wconf 81' lang='lat' dir='ltr'><strong>qnae</strong></span> <span class='ocrx_word' id='word_1_221' title='bbox 345 2535 498 2600; x_wconf 83' lang='lat' dir='ltr'><strong>declarant,</strong></span> <span class='ocrx_word' id='word_1_222' title='bbox 526 2537 680 2590; x_wconf 75' lang='lat' dir='ltr'>Phocenses</span> 
     </span>
     <span class='ocr_line' id='line_1_27' title="bbox 140 2607 679 2672; baseline 0 -14"><span class='ocrx_word' id='word_1_223' title='bbox 140 2623 173 2658; x_wconf 87' lang='grc' dir='ltr'><strong>εει</strong></span> <span class='ocrx_word' id='word_1_224' title='bbox 196 2611 223 2656; x_wconf 91' lang='lat' dir='ltr'><strong>in</strong></span> <span class='ocrx_word' id='word_1_225' title='bbox 245 2609 373 2672; x_wconf 85' lang='lat' dir='ltr'><strong>opinione</strong></span> <span class='ocrx_word' id='word_1_226' title='bbox 394 2607 492 2669; x_wconf 85' lang='lat' dir='ltr'><strong>inisse,</strong></span> <span class='ocrx_word' id='word_1_227' title='bbox 520 2615 550 2657; x_wconf 87' lang='lat' dir='ltr'><strong>nt</strong></span> <span class='ocrx_word' id='word_1_228' title='bbox 571 2609 679 2672; x_wconf 81' lang='lat' dir='ltr'><strong>Persas,</strong></span> 
     </span>
     <span class='ocr_line' id='line_1_28' title="bbox 140 2676 677 2743; baseline 0 -15"><span class='ocrx_word' id='word_1_229' title='bbox 140 2679 186 2743; x_wconf 88' lang='lat' dir='ltr'><strong>qui</strong></span> <span class='ocrx_word' id='word_1_230' title='bbox 197 2676 394 2742; x_wconf 75' lang='lat' dir='ltr'><strong>Thermopylas</strong></span> <span class='ocrx_word' id='word_1_231' title='bbox 408 2679 552 2728; x_wconf 88' lang='lat' dir='ltr'><strong>circumire</strong></span> <span class='ocrx_word' id='word_1_232' title='bbox 566 2678 677 2742; x_wconf 85' lang='lat' dir='ltr'><strong>velient,</strong></span> 
     </span>
     <span class='ocr_line' id='line_1_29' title="bbox 139 2747 679 2812; baseline 0.002 -14"><span class='ocrx_word' id='word_1_233' title='bbox 139 2753 236 2798; x_wconf 81' lang='lat' dir='ltr'><strong>contra</strong></span> <span class='ocrx_word' id='word_1_234' title='bbox 255 2763 284 2798; x_wconf 87' lang='lat' dir='ltr'><strong>se</strong></span> <span class='ocrx_word' id='word_1_235' title='bbox 299 2747 373 2811; x_wconf 86' lang='lat' dir='ltr'><strong>ipsos</strong></span> <span class='ocrx_word' id='word_1_236' title='bbox 393 2761 453 2798; x_wconf 87' lang='lat' dir='ltr'><strong>esee</strong></span> <span class='ocrx_word' id='word_1_237' title='bbox 467 2748 605 2812; x_wconf 82' lang='lat' dir='ltr'><strong>profectos</strong></span> <span class='ocrx_word' id='word_1_238' title='bbox 621 2765 679 2799; x_wconf 86' lang='lat' dir='ltr'><strong>cre-</strong></span> 
     </span>
     <span class='ocr_line' id='line_1_30' title="bbox 139 2817 678 2882; baseline 0 -14"><span class='ocrx_word' id='word_1_239' title='bbox 139 2819 246 2876; x_wconf 86' lang='lat' dir='ltr'><strong>derent,</strong></span> <span class='ocrx_word' id='word_1_240' title='bbox 267 2817 384 2882; x_wconf 80' lang='lat' dir='ltr'><strong>indeque</strong></span> <span class='ocrx_word' id='word_1_241' title='bbox 403 2823 516 2881; x_wconf 80' lang='lat' dir='ltr'><strong>paratos</strong></span> <span class='ocrx_word' id='word_1_242' title='bbox 535 2817 623 2868; x_wconf 75' lang='lat' dir='ltr'><strong>fuisso</strong></span> <span class='ocrx_word' id='word_1_243' title='bbox 644 2819 678 2868; x_wconf 81' lang='lat' dir='ltr'><strong>ad</strong></span> 
     </span>
     <span class='ocr_line' id='line_1_31' title="bbox 138 2879 680 2951; baseline 0.004 -15"><span class='ocrx_word' id='word_1_244' title='bbox 138 2894 250 2937; x_wconf 84' lang='lat' dir='ltr'><strong>mortem</strong></span> <span class='ocrx_word' id='word_1_245' title='bbox 261 2886 421 2936; x_wconf 84' lang='lat' dir='ltr'><strong>obeundam.</strong></span> <span class='ocrx_word' id='word_1_246' title='bbox 441 2879 533 2951; x_wconf 80' lang='grc' dir='ltr'><strong><em>άρηήν</em></strong></span> <span class='ocrx_word' id='word_1_247' title='bbox 543 2889 618 2938; x_wconf 78' lang='lat' dir='ltr'><strong>salet</strong></span> <span class='ocrx_word' id='word_1_248' title='bbox 630 2905 680 2938; x_wconf 84' lang='lat' dir='ltr'><strong>onr-</strong></span> 
     </span>
     <span class='ocr_line' id='line_1_32' title="bbox 138 2957 678 3023; baseline 0.007 -18"><span class='ocrx_word' id='word_1_249' title='bbox 138 2959 209 3019; x_wconf 87' lang='grc' dir='ltr'><strong><em>κιίιο,</em></strong></span> <span class='ocrx_word' id='word_1_250' title='bbox 219 2971 342 3018; x_wconf 75' lang='lat' dir='ltr'><strong>promor,</strong></span> <span class='ocrx_word' id='word_1_251' title='bbox 358 2957 530 3016; x_wconf 74' lang='lat' dir='ltr'><strong>utv11‚2·.²0‚</strong></span> <span class='ocrx_word' id='word_1_252' title='bbox 544 2973 579 3008; x_wconf 90' lang='lat' dir='ltr'><strong>ne</strong></span> <span class='ocrx_word' id='word_1_253' title='bbox 591 2958 678 3023; x_wconf 87' lang='lat' dir='ltr'><strong>plura.</strong></span> 
     </span>
     <span class='ocr_line' id='line_1_33' title="bbox 139 3017 675 3088; baseline 0.009 -13"><span class='ocrx_word' id='word_1_254' title='bbox 139 3027 180 3075; x_wconf 86' lang='lat' dir='ltr'><strong>Da</strong></span> <span class='ocrx_word' id='word_1_255' title='bbox 200 3025 282 3074; x_wconf 85' lang='lat' dir='ltr'><strong>verbo</strong></span> <span class='ocrx_word' id='word_1_256' title='bbox 300 3017 486 3088; x_wconf 71' lang='grc' dir='ltr'><strong><em>ἀπολεόμενοι</em></strong></span> <span class='ocrx_word' id='word_1_257' title='bbox 512 3027 585 3081; x_wconf 80' lang='lat' dir='ltr'><strong>coni.</strong></span> <span class='ocrx_word' id='word_1_258' title='bbox 606 3034 675 3081; x_wconf 89' lang='lat' dir='ltr'><strong>nott.</strong></span> 
     </span>
    </p>
   </div>
   <div class='ocr_carea' id='block_1_6' title="bbox 139 3093 678 3505">
    <p class='ocr_par' dir='ltr' id='par_1_8' title="bbox 140 3093 323 3152">
     <span class='ocr_line' id='line_1_34' title="bbox 140 3093 323 3152; baseline 0 -8"><span class='ocrx_word' id='word_1_259' title='bbox 140 3095 175 3144; x_wconf 74' lang='lat' dir='ltr'><strong>sci</strong></span> <span class='ocrx_word' id='word_1_260' title='bbox 187 3095 249 3152; x_wconf 86' lang='lat' dir='ltr'>VII,</span> <span class='ocrx_word' id='word_1_261' title='bbox 262 3093 323 3144; x_wconf 81' lang='grc'><strong><em>209.</em></strong></span> 
     </span>
    </p>

    <p class='ocr_par' dir='ltr' id='par_1_9' title="bbox 139 3151 678 3505">
     <span class='ocr_line' id='line_1_35' title="bbox 175 3151 677 3230; baseline 0.01 -20"><span class='ocrx_word' id='word_1_262' title='bbox 175 3156 204 3210; x_wconf 83' lang='grc' dir='ltr'><strong><em>οἷ</em></strong></span> <span class='ocrx_word' id='word_1_263' title='bbox 220 3155 257 3211; x_wconf 74' lang='grc' dir='ltr'><strong><em>δέ</em></strong></span> <span class='ocrx_word' id='word_1_264' title='bbox 275 3157 443 3225; x_wconf 77' lang='grc' dir='ltr'><strong><em>κατέβαινον</em></strong></span> <span class='ocrx_word' id='word_1_265' title='bbox 462 3153 495 3210; x_wconf 87' lang='grc' dir='ltr'><strong>τό</strong></span> <span class='ocrx_word' id='word_1_266' title='bbox 516 3151 613 3230; x_wconf 80' lang='grc' dir='ltr'><strong><em>οὖρος]</em></strong></span> <span class='ocrx_word' id='word_1_267' title='bbox 635 3167 677 3216; x_wconf 91' lang='lat' dir='ltr'><strong>De</strong></span> 
     </span>
     <span class='ocr_line' id='line_1_36' title="bbox 139 3223 676 3297; baseline 0.006 -15"><span class='ocrx_word' id='word_1_268' title='bbox 139 3223 313 3297; x_wconf 70' lang='lat' dir='ltr'><strong>particulari</strong></span> <span class='ocrx_word' id='word_1_269' title='bbox 324 3230 392 3294; x_wconf 80' lang='lat' dir='ltr'><strong>(aed)</strong></span> <span class='ocrx_word' id='word_1_270' title='bbox 404 3230 457 3278; x_wconf 79' lang='lat' dir='ltr'><strong>vid.</strong></span> <span class='ocrx_word' id='word_1_271' title='bbox 469 3233 619 3285; x_wconf 70' lang='lat' dir='ltr'><strong>tietmar.</strong></span> <span class='ocrx_word' id='word_1_272' title='bbox 631 3236 676 3286; x_wconf 86' lang='lat' dir='ltr'><strong>Gr.</strong></span> 
     </span>
     <span class='ocr_line' id='line_1_37' title="bbox 140 3300 677 3368; baseline 0.002 -15"><span class='ocrx_word' id='word_1_273' title='bbox 140 3306 164 3364; x_wconf 69' lang='grc' dir='ltr'><strong>ξ.</strong></span> <span class='ocrx_word' id='word_1_274' title='bbox 177 3303 241 3362; x_wconf 74' lang='grc'><strong><em>289,</em></strong></span> <span class='ocrx_word' id='word_1_275' title='bbox 258 3303 304 3366; x_wconf 90' lang='lat' dir='ltr'><strong>qni</strong></span> <span class='ocrx_word' id='word_1_276' title='bbox 317 3300 388 3350; x_wconf 85' lang='lat' dir='ltr'><strong>idem</strong></span> <span class='ocrx_word' id='word_1_277' title='bbox 400 3316 422 3350; x_wconf 91' lang='lat' dir='ltr'><strong>s.</strong></span> <span class='ocrx_word' id='word_1_278' title='bbox 437 3301 496 3352; x_wconf 76' lang='lat'><strong>37⁸.</strong></span> <span class='ocrx_word' id='word_1_279' title='bbox 513 3309 570 3352; x_wconf 92' lang='lat' dir='ltr'><strong>not.</strong></span> <span class='ocrx_word' id='word_1_280' title='bbox 583 3305 598 3354; x_wconf 81' lang='lat'><strong>3</strong></span> <span class='ocrx_word' id='word_1_281' title='bbox 611 3310 639 3353; x_wconf 91' lang='lat' dir='ltr'><strong>et</strong></span> <span class='ocrx_word' id='word_1_282' title='bbox 653 3309 677 3368; x_wconf 69' lang='lat'><strong>§-</strong></span> 
     </span>
     <span class='ocr_line' id='line_1_38' title="bbox 139 3369 678 3440; baseline 0 -18"><span class='ocrx_word' id='word_1_283' title='bbox 139 3371 205 3434; x_wconf 89' lang='grc'><strong><em>409,</em></strong></span> <span class='ocrx_word' id='word_1_284' title='bbox 219 3373 234 3422; x_wconf 93' lang='grc'><strong><em>4</em></strong></span> <span class='ocrx_word' id='word_1_285' title='bbox 248 3371 281 3421; x_wconf 82' lang='grc' dir='ltr'><strong><em>δε</em></strong></span> <span class='ocrx_word' id='word_1_286' title='bbox 300 3375 441 3422; x_wconf 72' lang='lat' dir='ltr'><strong>structura</strong></span> <span class='ocrx_word' id='word_1_287' title='bbox 457 3373 532 3422; x_wconf 81' lang='lat' dir='ltr'><strong>verbi</strong></span> <span class='ocrx_word' id='word_1_288' title='bbox 546 3369 678 3440; x_wconf 88' lang='grc' dir='ltr'><strong><em>καταβαί-</em></strong></span> 
     </span>
     <span class='ocr_line' id='line_1_39' title="bbox 139 3439 442 3505; baseline -0.003 -14"><span class='ocrx_word' id='word_1_289' title='bbox 139 3457 198 3492; x_wconf 88' lang='grc' dir='ltr'><strong><em>νειν</em></strong></span> <span class='ocrx_word' id='word_1_290' title='bbox 212 3439 317 3492; x_wconf 87' lang='lat' dir='ltr'><strong>ccnsuli</strong></span> <span class='ocrx_word' id='word_1_291' title='bbox 329 3441 442 3505; x_wconf 85' lang='lat' dir='ltr'><strong>poterit.</strong></span> 
     </span>
    </p>
   </div>
   <div class='ocr_carea' id='block_1_7' title="bbox 307 3613 511 3665">
    <p class='ocr_par' dir='ltr' id='par_1_10' title="bbox 307 3613 511 3665">
     <span class='ocr_line' id='line_1_40' title="bbox 307 3613 511 3665; baseline 0.005 -2"><span class='ocrx_word' id='word_1_292' title='bbox 307 3613 373 3664; x_wconf 78' lang='lat' dir='ltr'><strong>Car.</strong></span> <span class='ocrx_word' id='word_1_293' title='bbox 393 3613 511 3665; x_wconf 79' lang='lat' dir='ltr'><strong>ccxix.</strong></span> 
     </span>
    </p>
   </div>
   <div class='ocr_carea' id='block_1_8' title="bbox 135 3708 679 4485">
    <p class='ocr_par' dir='ltr' id='par_1_11' title="bbox 135 3708 679 4485">
     <span class='ocr_line' id='line_1_41' title="bbox 172 3708 677 3783; baseline 0.006 -15"><span class='ocrx_word' id='word_1_294' title='bbox 172 3713 218 3768; x_wconf 83' lang='grc' dir='ltr'><strong><em>ίπλ</em></strong></span> <span class='ocrx_word' id='word_1_295' title='bbox 234 3713 264 3767; x_wconf 75' lang='lat' dir='ltr'><strong>at</strong></span> <span class='ocrx_word' id='word_1_296' title='bbox 276 3714 324 3768; x_wconf 78' lang='grc' dir='ltr'><strong><em>καὶ</em></strong></span> <span class='ocrx_word' id='word_1_297' title='bbox 336 3710 490 3783; x_wconf 76' lang='grc' dir='ltr'><strong><em>αὐτόμολοι</em></strong></span> <span class='ocrx_word' id='word_1_298' title='bbox 503 3708 600 3783; x_wconf 79' lang='grc' dir='ltr'><strong><em>ἤϊσαν]</em></strong></span> <span class='ocrx_word' id='word_1_299' title='bbox 615 3719 677 3770; x_wconf 85' lang='lat' dir='ltr'><strong>Om-</strong></span> 
     </span>
     <span class='ocr_line' id='line_1_42' title="bbox 136 3781 677 3854; baseline -0.002 -14"><span class='ocrx_word' id='word_1_300' title='bbox 136 3805 185 3840; x_wconf 87' lang='lat' dir='ltr'><strong>nes</strong></span> <span class='ocrx_word' id='word_1_301' title='bbox 195 3790 258 3840; x_wconf 86' lang='lat' dir='ltr'><strong>iibri</strong></span> <span class='ocrx_word' id='word_1_302' title='bbox 268 3790 363 3854; x_wconf 89' lang='lat' dir='ltr'><strong>scripti</strong></span> <span class='ocrx_word' id='word_1_303' title='bbox 375 3781 436 3838; x_wconf 78' lang='grc' dir='ltr'><strong><em>ἐπεὶ</em></strong></span> <span class='ocrx_word' id='word_1_304' title='bbox 447 3788 586 3854; x_wconf 74' lang='lat' dir='ltr'><strong>praebent.</strong></span> <span class='ocrx_word' id='word_1_305' title='bbox 614 3790 677 3839; x_wconf 87' lang='lat' dir='ltr'><strong>Vai-</strong></span> 
     </span>
     <span class='ocr_line' id='line_1_43' title="bbox 137 3859 676 3924; baseline 0.004 -15"><span class='ocrx_word' id='word_1_306' title='bbox 137 3859 290 3921; x_wconf 84' lang='lat' dir='ltr'><strong>ckenarius‚</strong></span> <span class='ocrx_word' id='word_1_307' title='bbox 306 3875 383 3924; x_wconf 84' lang='lat' dir='ltr'><strong>quern</strong></span> <span class='ocrx_word' id='word_1_308' title='bbox 400 3861 488 3910; x_wconf 85' lang='lat' dir='ltr'><strong>secuti</strong></span> <span class='ocrx_word' id='word_1_309' title='bbox 497 3865 561 3909; x_wconf 86' lang='lat' dir='ltr'><strong>sunt</strong></span> <span class='ocrx_word' id='word_1_310' title='bbox 574 3864 676 3924; x_wconf 84' lang='lat' dir='ltr'><strong>posteri</strong></span> 
     </span>
     <span class='ocr_line' id='line_1_44' title="bbox 137 3918 675 3994; baseline 0 -13"><span class='ocrx_word' id='word_1_311' title='bbox 137 3929 216 3989; x_wconf 69' lang='lat' dir='ltr'><strong>eut,</strong></span> <span class='ocrx_word' id='word_1_312' title='bbox 236 3930 356 3978; x_wconf 81' lang='lat' dir='ltr'><strong>correxit</strong></span> <span class='ocrx_word' id='word_1_313' title='bbox 373 3918 420 3978; x_wconf 76' lang='grc' dir='ltr'><strong><em>ἐπὶ</em></strong></span> <span class='ocrx_word' id='word_1_314' title='bbox 435 3925 479 3989; x_wconf 76' lang='grc' dir='ltr'><strong><em>δέ,</em></strong></span> <span class='ocrx_word' id='word_1_315' title='bbox 504 3929 594 3980; x_wconf 82' lang='lat' dir='ltr'><strong>deinde</strong></span> <span class='ocrx_word' id='word_1_316' title='bbox 606 3935 675 3994; x_wconf 78' lang='lat' dir='ltr'><strong>tero,</strong></span> 
     </span>
     <span class='ocr_line' id='line_1_45' title="bbox 136 3991 676 4120; baseline 0.004 -71"><span class='ocrx_word' id='word_1_317' title='bbox 136 4015 196 4050; x_wconf 86' lang='lat' dir='ltr'><strong>cnm</strong></span> <span class='ocrx_word' id='word_1_318' title='bbox 210 3991 357 4048; x_wconf 66' lang='lat' dir='ltr'><strong>antecedat</strong></span> <span class='ocrx_word' id='word_1_319' title='bbox 370 3996 483 4062; x_wconf 71' lang='grc' dir='ltr'><strong><em>πρῶτον</em></strong></span> <span class='ocrx_word' id='word_1_320' title='bbox 492 3994 564 4120; x_wconf 56' lang='grc' dir='ltr'><strong><em>μέν,</em></strong></span> <span class='ocrx_word' id='word_1_321' title='bbox 578 4001 676 4051; x_wconf 78' lang='lat' dir='ltr'><strong>adver-</strong></span> 
     </span>
     <span class='ocr_line' id='line_1_46' title="bbox 135 4065 674 4134; baseline 0 -15"><span class='ocrx_word' id='word_1_322' title='bbox 135 4070 176 4120; x_wconf 87' lang='lat' dir='ltr'><strong>bii</strong></span> <span class='ocrx_word' id='word_1_323' title='bbox 190 4069 250 4119; x_wconf 89' lang='lat' dir='ltr'><strong>ioco</strong></span> <span class='ocrx_word' id='word_1_324' title='bbox 266 4067 418 4118; x_wconf 80' lang='lat' dir='ltr'><strong>adhibitum</strong></span> <span class='ocrx_word' id='word_1_325' title='bbox 429 4085 478 4134; x_wconf 91' lang='lat' dir='ltr'><strong>pro</strong></span> <span class='ocrx_word' id='word_1_326' title='bbox 507 4066 538 4119; x_wconf 85' lang='grc' dir='ltr'><strong><em>πλ</em></strong></span> <span class='ocrx_word' id='word_1_327' title='bbox 553 4065 674 4125; x_wconf 81' lang='grc' dir='ltr'><strong><em>τούτοις.</em></strong></span> 
     </span>
     <span class='ocr_line' id='line_1_47' title="bbox 136 4137 674 4204; baseline 0 -15"><span class='ocrx_word' id='word_1_328' title='bbox 136 4138 215 4189; x_wconf 83' lang='lat' dir='ltr'><strong>Coni.</strong></span> <span class='ocrx_word' id='word_1_329' title='bbox 233 4137 286 4202; x_wconf 84' lang='lat' dir='ltr'><strong>IV,</strong></span> <span class='ocrx_word' id='word_1_330' title='bbox 299 4137 334 4190; x_wconf 76' lang='grc'><strong>59</strong></span> <span class='ocrx_word' id='word_1_331' title='bbox 352 4139 445 4204; x_wconf 80' lang='lat' dir='ltr'><strong>ibique</strong></span> <span class='ocrx_word' id='word_1_332' title='bbox 464 4146 535 4192; x_wconf 88' lang='lat' dir='ltr'><strong>nott.</strong></span> <span class='ocrx_word' id='word_1_333' title='bbox 548 4141 616 4202; x_wconf 80' lang='lat' dir='ltr'><strong>Vli,</strong></span> <span class='ocrx_word' id='word_1_334' title='bbox 630 4139 674 4191; x_wconf 79' lang='grc'><strong>92.</strong></span> 
     </span>
     <span class='ocr_line' id='line_1_48' title="bbox 135 4209 676 4274; baseline -0.004 -14"><span class='ocrx_word' id='word_1_335' title='bbox 135 4210 183 4271; x_wconf 83' lang='grc' dir='ltr'><strong><em>ΙΧ,</em></strong></span> <span class='ocrx_word' id='word_1_336' title='bbox 200 4209 233 4260; x_wconf 80' lang='grc'><strong>95</strong></span> <span class='ocrx_word' id='word_1_337' title='bbox 247 4212 274 4258; x_wconf 82' lang='lat' dir='ltr'><strong>et</strong></span> <span class='ocrx_word' id='word_1_338' title='bbox 288 4209 389 4259; x_wconf 84' lang='lat' dir='ltr'><strong>Matth.</strong></span> <span class='ocrx_word' id='word_1_339' title='bbox 400 4209 446 4259; x_wconf 83' lang='lat' dir='ltr'><strong>Gr.</strong></span> <span class='ocrx_word' id='word_1_340' title='bbox 460 4209 505 4261; x_wconf 84' lang='lat' dir='ltr'><strong>Gr.</strong></span> <span class='ocrx_word' id='word_1_341' title='bbox 517 4213 542 4273; x_wconf 61' lang='grc' dir='ltr'><strong>ᾖ.</strong></span> <span class='ocrx_word' id='word_1_342' title='bbox 555 4210 616 4271; x_wconf 76' lang='grc'><strong><em>594,</em></strong></span> <span class='ocrx_word' id='word_1_343' title='bbox 629 4210 676 4274; x_wconf 88' lang='lat' dir='ltr'><strong>qui</strong></span> 
     </span>
     <span class='ocr_line' id='line_1_49' title="bbox 135 4279 677 4344; baseline 0.002 -15"><span class='ocrx_word' id='word_1_344' title='bbox 135 4279 411 4344; x_wconf 80' lang='lat' dir='ltr'><strong>interpretstnrdazu.</strong></span> <span class='ocrx_word' id='word_1_345' title='bbox 419 4281 570 4331; x_wconf 78' lang='grc' dir='ltr'><strong><em>αιιιετνσεικ.</em></strong></span> <span class='ocrx_word' id='word_1_346' title='bbox 581 4281 677 4330; x_wconf 85' lang='lat' dir='ltr'><strong>Lamb.</strong></span> 
     </span>
     <span class='ocr_line' id='line_1_50' title="bbox 136 4347 675 4415; baseline -0.002 -15"><span class='ocrx_word' id='word_1_347' title='bbox 136 4351 202 4402; x_wconf 88' lang='lat' dir='ltr'><strong>Bos.</strong></span> <span class='ocrx_word' id='word_1_348' title='bbox 222 4349 264 4400; x_wconf 87' lang='lat' dir='ltr'><strong>De</strong></span> <span class='ocrx_word' id='word_1_349' title='bbox 285 4347 372 4414; x_wconf 86' lang='lat' dir='ltr'><strong>eilips.</strong></span> <span class='ocrx_word' id='word_1_350' title='bbox 390 4350 422 4400; x_wconf 88' lang='lat' dir='ltr'><strong>L.</strong></span> <span class='ocrx_word' id='word_1_351' title='bbox 437 4349 483 4400; x_wconf 75' lang='lat' dir='ltr'><strong>Gr.</strong></span> <span class='ocrx_word' id='word_1_352' title='bbox 500 4367 527 4415; x_wconf 93' lang='lat' dir='ltr'><strong>p.</strong></span> <span class='ocrx_word' id='word_1_353' title='bbox 543 4350 592 4401; x_wconf 86' lang='grc'><strong>491</strong></span> <span class='ocrx_word' id='word_1_354' title='bbox 614 4350 675 4401; x_wconf 88' lang='lat' dir='ltr'><strong>coll.</strong></span> 
     </span>
     <span class='ocr_line' id='line_1_51' title="bbox 136 4419 679 4485; baseline 0.002 -14"><span class='ocrx_word' id='word_1_355' title='bbox 136 4419 187 4471; x_wconf 82' lang='grc'><strong>394</strong></span> <span class='ocrx_word' id='word_1_356' title='bbox 202 4425 230 4476; x_wconf 84' lang='lat' dir='ltr'><strong>et</strong></span> <span class='ocrx_word' id='word_1_357' title='bbox 240 4419 374 4472; x_wconf 73' lang='lat' dir='ltr'><strong>Observa.</strong></span> <span class='ocrx_word' id='word_1_358' title='bbox 388 4419 463 4470; x_wconf 87' lang='lat' dir='ltr'><strong>critt.</strong></span> <span class='ocrx_word' id='word_1_359' title='bbox 473 4435 499 4485; x_wconf 91' lang='lat' dir='ltr'><strong>p.</strong></span> <span class='ocrx_word' id='word_1_360' title='bbox 513 4419 553 4471; x_wconf 86' lang='grc'><strong>15.</strong></span> <span class='ocrx_word' id='word_1_361' title='bbox 580 4419 679 4472; x_wconf 82' lang='lat' dir='ltr'><strong>Schne-</strong></span> 
     </span>
    </p>
   </div>
   <div class='ocr_carea' id='block_1_9' title="bbox 726 2457 1324 4487">
    <p class='ocr_par' dir='ltr' id='par_1_12' title="bbox 726 2457 1324 4487">
     <span class='ocr_line' id='line_1_52' title="bbox 730 2457 1324 2533; baseline -0.002 -17"><span class='ocrx_word' id='word_1_362' title='bbox 730 2457 858 2516; x_wconf 74' lang='grc' dir='ltr'><strong><em>ένθαῦτα</em></strong></span> <span class='ocrx_word' id='word_1_363' title='bbox 873 2458 1070 2533; x_wconf 77' lang='grc' dir='ltr'><strong><em>ἐβουλεύοντο,</em></strong></span> <span class='ocrx_word' id='word_1_364' title='bbox 1093 2466 1268 2516; x_wconf 86' lang='lat' dir='ltr'><strong>distinctione</strong></span> <span class='ocrx_word' id='word_1_365' title='bbox 1311 2487 1324 2508; x_wconf 89' lang='lat'><strong>·</strong></span> 
     </span>
     <span class='ocr_line' id='line_1_53' title="bbox 730 2536 1269 2604; baseline -0.004 -18"><span class='ocrx_word' id='word_1_366' title='bbox 730 2538 843 2597; x_wconf 80' lang='lat' dir='ltr'><strong>maiori,</strong></span> <span class='ocrx_word' id='word_1_367' title='bbox 867 2551 937 2602; x_wconf 84' lang='lat' dir='ltr'><strong>quae</strong></span> <span class='ocrx_word' id='word_1_368' title='bbox 952 2536 1001 2585; x_wconf 84' lang='lat' dir='ltr'><strong>has</strong></span> <span class='ocrx_word' id='word_1_369' title='bbox 1021 2537 1269 2604; x_wconf 79' lang='lat' dir='ltr'><strong>vocesuntecedit,</strong></span> 
     </span>
     <span class='ocr_line' id='line_1_54' title="bbox 731 2595 1267 2668; baseline -0.004 -12"><span class='ocrx_word' id='word_1_370' title='bbox 731 2607 831 2656; x_wconf 81' lang='lat' dir='ltr'><strong>deleta.</strong></span> <span class='ocrx_word' id='word_1_371' title='bbox 869 2607 938 2656; x_wconf 85' lang='lat' dir='ltr'><strong>Tum</strong></span> <span class='ocrx_word' id='word_1_372' title='bbox 955 2606 1038 2656; x_wconf 85' lang='lat' dir='ltr'><strong>verba</strong></span> <span class='ocrx_word' id='word_1_373' title='bbox 1059 2595 1139 2654; x_wconf 78' lang='grc' dir='ltr'><strong><em>οὗτοι</em></strong></span> <span class='ocrx_word' id='word_1_374' title='bbox 1156 2599 1208 2668; x_wconf 72' lang='grc' dir='ltr'><strong>μὲν</strong></span> <span class='ocrx_word' id='word_1_375' title='bbox 1228 2597 1267 2654; x_wconf 79' lang='grc' dir='ltr'><strong>ἔτι</strong></span> 
     </span>
     <span class='ocr_line' id='line_1_55' title="bbox 730 2668 1268 2741; baseline -0.002 -16"><span class='ocrx_word' id='word_1_376' title='bbox 730 2669 833 2733; x_wconf 86' lang='grc' dir='ltr'><strong><em>νυκτός</em></strong></span> <span class='ocrx_word' id='word_1_377' title='bbox 853 2668 999 2739; x_wconf 82' lang='grc' dir='ltr'><strong><em>ἐσήμηναν</em></strong></span> <span class='ocrx_word' id='word_1_378' title='bbox 1023 2690 1070 2741; x_wconf 81' lang='grc' dir='ltr'><strong>ρει</strong></span> <span class='ocrx_word' id='word_1_379' title='bbox 1090 2675 1268 2740; x_wconf 71' lang='lat' dir='ltr'><strong>parenthesin</strong></span> 
     </span>
     <span class='ocr_line' id='line_1_56' title="bbox 728 2743 1268 2812; baseline 0 -16"><span class='ocrx_word' id='word_1_380' title='bbox 728 2747 807 2812; x_wconf 86' lang='lat' dir='ltr'><strong>qussi</strong></span> <span class='ocrx_word' id='word_1_381' title='bbox 819 2746 910 2811; x_wconf 87' lang='lat' dir='ltr'><strong>posita</strong></span> <span class='ocrx_word' id='word_1_382' title='bbox 923 2746 1084 2810; x_wconf 83' lang='lat' dir='ltr'><strong>accipienda</strong></span> <span class='ocrx_word' id='word_1_383' title='bbox 1100 2751 1179 2796; x_wconf 87' lang='lat' dir='ltr'><strong>erunt</strong></span> <span class='ocrx_word' id='word_1_384' title='bbox 1193 2750 1220 2794; x_wconf 88' lang='lat' dir='ltr'><strong>ct</strong></span> <span class='ocrx_word' id='word_1_385' title='bbox 1233 2743 1268 2796; x_wconf 80' lang='lat' dir='ltr'><strong>sd</strong></span> 
     </span>
     <span class='ocr_line' id='line_1_57' title="bbox 729 2806 1268 2882; baseline -0.006 -16"><span class='ocrx_word' id='word_1_386' title='bbox 729 2817 812 2867; x_wconf 77' lang='lat' dir='ltr'><strong>verba</strong></span> <span class='ocrx_word' id='word_1_387' title='bbox 823 2832 898 2882; x_wconf 86' lang='lat' dir='ltr'><strong>seqq.</strong></span> <span class='ocrx_word' id='word_1_388' title='bbox 912 2815 1002 2879; x_wconf 85' lang='grc' dir='ltr'><strong><em>τρίτοι</em></strong></span> <span class='ocrx_word' id='word_1_389' title='bbox 1021 2809 1052 2864; x_wconf 77' lang='grc' dir='ltr'><strong>δέ</strong></span> <span class='ocrx_word' id='word_1_390' title='bbox 1073 2808 1102 2864; x_wconf 82' lang='grc' dir='ltr'><strong><em>οἱ</em></strong></span> <span class='ocrx_word' id='word_1_391' title='bbox 1113 2806 1268 2879; x_wconf 84' lang='grc' dir='ltr'><strong><em>ἡμεροσκό-</em></strong></span> 
     </span>
     <span class='ocr_line' id='line_1_58' title="bbox 729 2883 1269 2952; baseline -0.004 -16"><span class='ocrx_word' id='word_1_392' title='bbox 729 2901 778 2936; x_wconf 88' lang='grc' dir='ltr'><strong>ποι</strong></span> <span class='ocrx_word' id='word_1_393' title='bbox 788 2904 802 2938; x_wconf 89' lang='lat' dir='ltr'><strong>e</strong></span> <span class='ocrx_word' id='word_1_394' title='bbox 813 2887 980 2952; x_wconf 78' lang='lat' dir='ltr'><strong>praegressis</strong></span> <span class='ocrx_word' id='word_1_395' title='bbox 995 2883 1200 2951; x_wconf 79' lang='lat' dir='ltr'><strong>intelligendum</strong></span> <span class='ocrx_word' id='word_1_396' title='bbox 1216 2885 1269 2936; x_wconf 83' lang='lat' dir='ltr'><strong>erit</strong></span> 
     </span>
     <span class='ocr_line' id='line_1_59' title="bbox 727 2951 1269 3022; baseline -0.004 -16"><span class='ocrx_word' id='word_1_397' title='bbox 727 2951 822 3022; x_wconf 81' lang='grc' dir='ltr'><strong><em>ἤϊσαν,</em></strong></span> <span class='ocrx_word' id='word_1_398' title='bbox 837 2963 867 3006; x_wconf 85' lang='lat' dir='ltr'><strong>ut</strong></span> <span class='ocrx_word' id='word_1_399' title='bbox 880 2955 938 3007; x_wconf 87' lang='lat' dir='ltr'><strong>scil.</strong></span> <span class='ocrx_word' id='word_1_400' title='bbox 949 2955 1121 3018; x_wconf 83' lang='lat' dir='ltr'><strong>Sehaet&#39;erus,</strong></span> <span class='ocrx_word' id='word_1_401' title='bbox 1133 2954 1269 3020; x_wconf 76' lang='lat' dir='ltr'><strong>Schweig-</strong></span> 
     </span>
     <span class='ocr_line' id='line_1_60' title="bbox 727 3024 1269 3078; baseline -0.004 -2"><span class='ocrx_word' id='word_1_402' title='bbox 727 3027 876 3078; x_wconf 83' lang='lat' dir='ltr'><strong>haeussrus</strong></span> <span class='ocrx_word' id='word_1_403' title='bbox 896 3030 923 3076; x_wconf 85' lang='lat' dir='ltr'><strong>et</strong></span> <span class='ocrx_word' id='word_1_404' title='bbox 942 3025 1114 3076; x_wconf 84' lang='lat' dir='ltr'><strong>Gaisfordius</strong></span> <span class='ocrx_word' id='word_1_405' title='bbox 1136 3024 1269 3076; x_wconf 86' lang='lat' dir='ltr'><strong>dederunt</strong></span> 
     </span>
     <span class='ocr_line' id='line_1_61' title="bbox 727 3095 1267 3157; baseline -0.004 -11"><span class='ocrx_word' id='word_1_406' title='bbox 727 3095 867 3148; x_wconf 82' lang='lat' dir='ltr'><strong>Sancroiti</strong></span> <span class='ocrx_word' id='word_1_407' title='bbox 883 3095 941 3146; x_wconf 87' lang='lat' dir='ltr'><strong>cod.</strong></span> <span class='ocrx_word' id='word_1_408' title='bbox 956 3111 988 3145; x_wconf 82' lang='lat' dir='ltr'><strong>ex</strong></span> <span class='ocrx_word' id='word_1_409' title='bbox 1004 3097 1186 3157; x_wconf 83' lang='lat' dir='ltr'><strong>auctoritate,</strong></span> <span class='ocrx_word' id='word_1_410' title='bbox 1206 3111 1267 3145; x_wconf 82' lang='lat' dir='ltr'><strong>cunr</strong></span> 
     </span>
     <span class='ocr_line' id='line_1_62' title="bbox 727 3156 1268 3230; baseline -0.002 -16"><span class='ocrx_word' id='word_1_411' title='bbox 727 3156 814 3230; x_wconf 80' lang='grc' dir='ltr'><strong><em>ἦσαν,</em></strong></span> <span class='ocrx_word' id='word_1_412' title='bbox 839 3166 872 3214; x_wconf 78' lang='grc' dir='ltr'><strong><em>ιιι]</em></strong></span> <span class='ocrx_word' id='word_1_413' title='bbox 892 3165 964 3230; x_wconf 91' lang='lat' dir='ltr'><strong>quod</strong></span> <span class='ocrx_word' id='word_1_414' title='bbox 985 3165 1047 3215; x_wconf 88' lang='lat' dir='ltr'><strong>oiim</strong></span> <span class='ocrx_word' id='word_1_415' title='bbox 1067 3165 1179 3230; x_wconf 80' lang='lat' dir='ltr'><strong>vulgata</strong></span> <span class='ocrx_word' id='word_1_416' title='bbox 1201 3158 1268 3214; x_wconf 82' lang='grc' dir='ltr'><strong><em>έοαν</em></strong></span> 
     </span>
     <span class='ocr_line' id='line_1_63' title="bbox 728 3235 1266 3300; baseline -0.004 -14"><span class='ocrx_word' id='word_1_417' title='bbox 728 3237 818 3300; x_wconf 79' lang='lat' dir='ltr'><strong>ducit,</strong></span> <span class='ocrx_word' id='word_1_418' title='bbox 837 3235 1034 3285; x_wconf 82' lang='lat' dir='ltr'><strong>restituendum</strong></span> <span class='ocrx_word' id='word_1_419' title='bbox 1053 3236 1105 3296; x_wconf 83' lang='lat' dir='ltr'><strong>sit,</strong></span> <span class='ocrx_word' id='word_1_420' title='bbox 1122 3240 1196 3286; x_wconf 85' lang='lat' dir='ltr'><strong>recto</strong></span> <span class='ocrx_word' id='word_1_421' title='bbox 1210 3251 1266 3285; x_wconf 88' lang='lat' dir='ltr'><strong>mo·</strong></span> 
     </span>
     <span class='ocr_line' id='line_1_64' title="bbox 728 3304 1266 3369; baseline -0.006 -14"><span class='ocrx_word' id='word_1_422' title='bbox 728 3311 809 3355; x_wconf 91' lang='lat' dir='ltr'><strong>nente</strong></span> <span class='ocrx_word' id='word_1_423' title='bbox 823 3304 936 3354; x_wconf 85' lang='lat' dir='ltr'><strong>Bredov.</strong></span> <span class='ocrx_word' id='word_1_424' title='bbox 953 3321 1014 3369; x_wconf 80' lang='lat' dir='ltr'><strong>pag.</strong></span> <span class='ocrx_word' id='word_1_425' title='bbox 1030 3305 1091 3356; x_wconf 85' lang='grc'><strong><em>408.</em></strong></span> <span class='ocrx_word' id='word_1_426' title='bbox 1123 3305 1199 3366; x_wconf 81' lang='lat' dir='ltr'><strong>Quae</strong></span> <span class='ocrx_word' id='word_1_427' title='bbox 1212 3304 1266 3354; x_wconf 88' lang='lat' dir='ltr'><strong>loci</strong></span> 
     </span>
     <span class='ocr_line' id='line_1_65' title="bbox 729 3373 1268 3507; baseline 0.004 -15"><span class='ocrx_word' id='word_1_428' title='bbox 729 3373 1268 3507; x_wconf 44' lang='grc' dir='ltr'><strong><em>ἷῖόῗάόῗῃῗόειιῐόῒήοοιάόόέόιέέόόωόιό</em></strong></span> 
     </span>
     <span class='ocr_line' id='line_1_66' title="bbox 728 3513 1267 3580; baseline 0.004 -18"><span class='ocrx_word' id='word_1_429' title='bbox 728 3513 857 3579; x_wconf 79' lang='lat' dir='ltr'><strong>quentiae</strong></span> <span class='ocrx_word' id='word_1_430' title='bbox 870 3514 1021 3577; x_wconf 81' lang='lat' dir='ltr'><strong>reperiatur</strong></span> <span class='ocrx_word' id='word_1_431' title='bbox 1035 3516 1143 3578; x_wconf 79' lang='lat' dir='ltr'><strong>posita,</strong></span> <span class='ocrx_word' id='word_1_432' title='bbox 1161 3520 1192 3564; x_wconf 87' lang='lat' dir='ltr'><strong>nt</strong></span> <span class='ocrx_word' id='word_1_433' title='bbox 1207 3514 1267 3580; x_wconf 85' lang='lat' dir='ltr'><strong>pin·</strong></span> 
     </span>
     <span class='ocr_line' id='line_1_67' title="bbox 727 3583 1266 3635; baseline 0.004 -3"><span class='ocrx_word' id='word_1_434' title='bbox 727 3584 802 3633; x_wconf 83' lang='lat' dir='ltr'><strong>ribus</strong></span> <span class='ocrx_word' id='word_1_435' title='bbox 822 3583 928 3633; x_wconf 84' lang='lat' dir='ltr'><strong>demum</strong></span> <span class='ocrx_word' id='word_1_436' title='bbox 944 3584 1034 3634; x_wconf 85' lang='lat' dir='ltr'><strong>verbis</strong></span> <span class='ocrx_word' id='word_1_437' title='bbox 1054 3584 1205 3635; x_wconf 80' lang='lat' dir='ltr'><strong>interiectis</strong></span> <span class='ocrx_word' id='word_1_438' title='bbox 1224 3601 1266 3634; x_wconf 88' lang='lat' dir='ltr'><strong>ae-</strong></span> 
     </span>
     <span class='ocr_line' id='line_1_68' title="bbox 728 3651 1267 3718; baseline 0 -16"><span class='ocrx_word' id='word_1_439' title='bbox 728 3658 828 3718; x_wconf 86' lang='lat' dir='ltr'><strong>quatur</strong></span> <span class='ocrx_word' id='word_1_440' title='bbox 842 3653 968 3716; x_wconf 75' lang='lat' dir='ltr'><strong>spoilosis</strong></span> <span class='ocrx_word' id='word_1_441' title='bbox 990 3651 1057 3718; x_wconf 85' lang='lat' dir='ltr'><strong>(vid.</strong></span> <span class='ocrx_word' id='word_1_442' title='bbox 1072 3659 1142 3704; x_wconf 85' lang='lat' dir='ltr'><strong>nott.</strong></span> <span class='ocrx_word' id='word_1_443' title='bbox 1153 3653 1187 3702; x_wconf 87' lang='lat' dir='ltr'><strong>ad</strong></span> <span class='ocrx_word' id='word_1_444' title='bbox 1203 3653 1267 3703; x_wconf 89' lang='lat' dir='ltr'><strong>Piu-</strong></span> 
     </span>
     <span class='ocr_line' id='line_1_69' title="bbox 727 3721 1267 3788; baseline -0.002 -15"><span class='ocrx_word' id='word_1_445' title='bbox 727 3723 814 3773; x_wconf 85' lang='lat' dir='ltr'><strong>tarch.</strong></span> <span class='ocrx_word' id='word_1_446' title='bbox 827 3721 993 3786; x_wconf 87' lang='lat' dir='ltr'><strong>Philopoem.</strong></span> <span class='ocrx_word' id='word_1_447' title='bbox 1012 3723 1051 3774; x_wconf 74' lang='lat'><strong>16.</strong></span> <span class='ocrx_word' id='word_1_448' title='bbox 1066 3739 1119 3788; x_wconf 85' lang='lat' dir='ltr'><strong>pag</strong></span> <span class='ocrx_word' id='word_1_449' title='bbox 1141 3722 1202 3787; x_wconf 86' lang='grc'><strong><em>58),</em></strong></span> <span class='ocrx_word' id='word_1_450' title='bbox 1218 3723 1267 3772; x_wconf 84' lang='lat' dir='ltr'><strong>du-</strong></span> 
     </span>
     <span class='ocr_line' id='line_1_70' title="bbox 726 3791 1267 3857; baseline -0.004 -14"><span class='ocrx_word' id='word_1_451' title='bbox 726 3794 781 3844; x_wconf 84' lang='lat' dir='ltr'><strong>rior</strong></span> <span class='ocrx_word' id='word_1_452' title='bbox 796 3798 887 3842; x_wconf 88' lang='lat' dir='ltr'><strong>tamen</strong></span> <span class='ocrx_word' id='word_1_453' title='bbox 899 3791 951 3842; x_wconf 86' lang='lat' dir='ltr'><strong>hoc</strong></span> <span class='ocrx_word' id='word_1_454' title='bbox 965 3791 1025 3843; x_wconf 84' lang='lat' dir='ltr'><strong>ioco</strong></span> <span class='ocrx_word' id='word_1_455' title='bbox 1038 3793 1172 3857; x_wconf 89' lang='lat' dir='ltr'><strong>nimisque</strong></span> <span class='ocrx_word' id='word_1_456' title='bbox 1184 3807 1267 3856; x_wconf 86' lang='lat' dir='ltr'><strong>quae·</strong></span> 
     </span>
     <span class='ocr_line' id='line_1_71' title="bbox 726 3861 1267 3927; baseline -0.006 -14"><span class='ocrx_word' id='word_1_457' title='bbox 726 3864 780 3914; x_wconf 84' lang='lat' dir='ltr'><strong>sita</strong></span> <span class='ocrx_word' id='word_1_458' title='bbox 790 3877 851 3913; x_wconf 89' lang='lat' dir='ltr'><strong>cum</strong></span> <span class='ocrx_word' id='word_1_459' title='bbox 864 3861 1010 3920; x_wconf 80' lang='lat' dir='ltr'><strong>videretur.</strong></span> <span class='ocrx_word' id='word_1_460' title='bbox 1024 3863 1106 3913; x_wconf 80' lang='lat' dir='ltr'><strong>malui</strong></span> <span class='ocrx_word' id='word_1_461' title='bbox 1117 3863 1195 3927; x_wconf 88' lang='lat' dir='ltr'><strong>sequi</strong></span> <span class='ocrx_word' id='word_1_462' title='bbox 1204 3861 1267 3910; x_wconf 87' lang='lat' dir='ltr'><strong>Vai-</strong></span> 
     </span>
     <span class='ocr_line' id='line_1_72' title="bbox 726 3923 1266 3998; baseline -0.002 -17"><span class='ocrx_word' id='word_1_463' title='bbox 726 3933 882 3982; x_wconf 81' lang='lat' dir='ltr'><strong>ckensrinm</strong></span> <span class='ocrx_word' id='word_1_464' title='bbox 892 3970 898 3994; x_wconf 90' lang='lat'>‚</span> <span class='ocrx_word' id='word_1_465' title='bbox 913 3947 962 3998; x_wconf 87' lang='lat' dir='ltr'><strong>pro</strong></span> <span class='ocrx_word' id='word_1_466' title='bbox 972 3923 1032 3982; x_wconf 77' lang='grc' dir='ltr'><strong><em>ἐπεὶ</em></strong></span> <span class='ocrx_word' id='word_1_467' title='bbox 1045 3927 1077 3981; x_wconf 69' lang='grc' dir='ltr'><strong>δὲ</strong></span> <span class='ocrx_word' id='word_1_468' title='bbox 1087 3933 1266 3996; x_wconf 81' lang='lat' dir='ltr'><strong>corrigentem</strong></span> 
     </span>
     <span class='ocr_line' id='line_1_73' title="bbox 726 3994 1267 4067; baseline 0 -17"><span class='ocrx_word' id='word_1_469' title='bbox 726 3995 784 4050; x_wconf 77' lang='grc' dir='ltr'><strong><em>ἐπὶ</em></strong></span> <span class='ocrx_word' id='word_1_470' title='bbox 797 3994 843 4061; x_wconf 83' lang='grc' dir='ltr'><strong><em>δέ,</em></strong></span> <span class='ocrx_word' id='word_1_471' title='bbox 858 4007 942 4067; x_wconf 84' lang='lat' dir='ltr'><strong>atque</strong></span> <span class='ocrx_word' id='word_1_472' title='bbox 954 4003 1082 4053; x_wconf 84' lang='lat' dir='ltr'><strong>maiorem</strong></span> <span class='ocrx_word' id='word_1_473' title='bbox 1093 4000 1156 4051; x_wconf 89' lang='lat' dir='ltr'><strong>inde</strong></span> <span class='ocrx_word' id='word_1_474' title='bbox 1169 4001 1267 4050; x_wconf 86' lang='lat' dir='ltr'><strong>distin-</strong></span> 
     </span>
     <span class='ocr_line' id='line_1_74' title="bbox 727 4063 1266 4136; baseline -0.006 -13"><span class='ocrx_word' id='word_1_475' title='bbox 727 4073 844 4123; x_wconf 79' lang='lat' dir='ltr'><strong>ctionem</strong></span> <span class='ocrx_word' id='word_1_476' title='bbox 871 4073 949 4136; x_wconf 84' lang='lat' dir='ltr'><strong>poaui</strong></span> <span class='ocrx_word' id='word_1_477' title='bbox 974 4077 1037 4122; x_wconf 79' lang='lat' dir='ltr'><strong>ante</strong></span> <span class='ocrx_word' id='word_1_478' title='bbox 1062 4063 1204 4122; x_wconf 80' lang='grc' dir='ltr'><strong><em>ἐνταῦδαι</em></strong></span> <span class='ocrx_word' id='word_1_479' title='bbox 1230 4069 1266 4120; x_wconf 83' lang='lat' dir='ltr'><strong>ssi</strong></span> 
     </span>
     <span class='ocr_line' id='line_1_75' title="bbox 728 4133 1266 4204; baseline -0.009 -11"><span class='ocrx_word' id='word_1_480' title='bbox 728 4142 812 4193; x_wconf 84' lang='lat' dir='ltr'><strong>verba</strong></span> <span class='ocrx_word' id='word_1_481' title='bbox 840 4141 930 4202; x_wconf 85' lang='grc' dir='ltr'><strong><em>τρίτοι</em></strong></span> <span class='ocrx_word' id='word_1_482' title='bbox 961 4137 991 4192; x_wconf 74' lang='grc' dir='ltr'><strong>δὲ</strong></span> <span class='ocrx_word' id='word_1_483' title='bbox 1018 4136 1048 4190; x_wconf 79' lang='grc' dir='ltr'><strong><em>οἴ</em></strong></span> <span class='ocrx_word' id='word_1_484' title='bbox 1072 4133 1266 4204; x_wconf 80' lang='grc' dir='ltr'><strong><em>ἡμεροσκόποι</em></strong></span> 
     </span>
     <span class='ocr_line' id='line_1_76' title="bbox 728 4211 1266 4275; baseline -0.002 -13"><span class='ocrx_word' id='word_1_485' title='bbox 728 4217 818 4262; x_wconf 87' lang='lat' dir='ltr'><strong>mente</strong></span> <span class='ocrx_word' id='word_1_486' title='bbox 840 4213 1015 4275; x_wconf 85' lang='lat' dir='ltr'><strong>repetendum</strong></span> <span class='ocrx_word' id='word_1_487' title='bbox 1041 4211 1094 4261; x_wconf 86' lang='lat' dir='ltr'><strong>erit</strong></span> <span class='ocrx_word' id='word_1_488' title='bbox 1115 4211 1266 4275; x_wconf 83' lang='lat' dir='ltr'><strong>eproxime</strong></span> 
     </span>
     <span class='ocr_line' id='line_1_77' title="bbox 727 4273 1265 4346; baseline 0.002 -16"><span class='ocrx_word' id='word_1_489' title='bbox 727 4279 952 4346; x_wconf 81' lang='lat' dir='ltr'><strong>praecedentibus</strong></span> <span class='ocrx_word' id='word_1_490' title='bbox 961 4273 1114 4346; x_wconf 85' lang='grc' dir='ltr'><strong><em>ἐσήμηναν.</em></strong></span> <span class='ocrx_word' id='word_1_491' title='bbox 1122 4305 1155 4316; x_wconf 92' lang='lat'><em>-</em></span> <span class='ocrx_word' id='word_1_492' title='bbox 1165 4281 1265 4330; x_wconf 86' lang='lat' dir='ltr'><strong>Vocem</strong></span> 
     </span>
     <span class='ocr_line' id='line_1_78' title="bbox 727 4345 1264 4412; baseline 0.004 -12"><span class='ocrx_word' id='word_1_493' title='bbox 727 4345 863 4412; x_wconf 85' lang='grc' dir='ltr'><strong><em>περίοδον</em></strong></span> <span class='ocrx_word' id='word_1_494' title='bbox 873 4351 936 4400; x_wconf 86' lang='lat' dir='ltr'><strong>hinc</strong></span> <span class='ocrx_word' id='word_1_495' title='bbox 947 4351 1027 4401; x_wconf 82' lang='lat' dir='ltr'><strong>affert</strong></span> <span class='ocrx_word' id='word_1_496' title='bbox 1036 4349 1134 4401; x_wconf 82' lang='lat' dir='ltr'><strong>Suides</strong></span> <span class='ocrx_word' id='word_1_497' title='bbox 1145 4367 1166 4400; x_wconf 81' lang='lat' dir='ltr'><strong>e.</strong></span> <span class='ocrx_word' id='word_1_498' title='bbox 1174 4367 1199 4402; x_wconf 84' lang='lat' dir='ltr'><strong>v.</strong></span> <span class='ocrx_word' id='word_1_499' title='bbox 1212 4351 1264 4402; x_wconf 92' lang='lat'><strong>111.</strong></span> 
     </span>
     <span class='ocr_line' id='line_1_79' title="bbox 728 4419 1266 4487; baseline 0 -15"><span class='ocrx_word' id='word_1_500' title='bbox 728 4437 790 4487; x_wconf 81' lang='lat' dir='ltr'><strong>pag.</strong></span> <span class='ocrx_word' id='word_1_501' title='bbox 804 4419 847 4473; x_wconf 85' lang='grc'><strong>90.</strong></span> <span class='ocrx_word' id='word_1_502' title='bbox 880 4421 921 4471; x_wconf 86' lang='grc' dir='ltr'><strong>Ι)ε</strong></span> <span class='ocrx_word' id='word_1_503' title='bbox 940 4419 1091 4487; x_wconf 76' lang='lat' dir='ltr'><strong>transfugis</strong></span> <span class='ocrx_word' id='word_1_504' title='bbox 1110 4420 1182 4473; x_wconf 83' lang='lat' dir='ltr'><strong>coni.</strong></span> <span class='ocrx_word' id='word_1_505' title='bbox 1200 4421 1266 4472; x_wconf 88' lang='lat' dir='ltr'><strong>Dio·</strong></span> 
     </span>
    </p>
   </div>
   <div class='ocr_carea' id='block_1_10' title="bbox 0 0 1498 5014">
    <p class='ocr_par' dir='ltr' id='par_1_13' title="bbox 0 0 1498 5014">
     <span class='ocr_line' id='line_1_80' title="bbox 0 0 1498 5014; baseline 0 1"><span class='ocrx_word' id='word_1_506' title='bbox 0 0 1498 5014; x_wconf 95' lang='lat' dir='ltr'><strong> </strong></span> 
     </span>
    </p>
   </div>
  </div>
 </body>
</html>
