2994 4972
470 310 840 379 TERPSIOHORE.
863 317 901 380 V.
924 327 967 384 33.
987 327 1029 386 et.
1274 327 1315 390 bb

178 483 421 576 Ἀρισταγόρης.
441 483 459 556 ό
479 487 515 558 dl
528 491 704 578 θυμωθεὶς
718 489 878 576 τούτοισι,
895 486 938 573 ὡς
952 491 1012 578 νὺξ
1028 497 1176 582 ἐγένετο,
1192 505 1316 589 ἔπεμπε

180 593 214 672 ἐς
233 591 350 675 Νάξον
369 599 474 684 πλοίῳ
492 590 617 681 ἄνδρας
644 593 833 682 φράσοντας
854 612 939 666 τοῖσι
958 602 1114 681 Ναξίοισι
1141 599 1249 672 πάντα
1275 601 1315 672 τά

179 694 348 784 παρεόντα
362 717 421 784 σφι
436 695 619 786 πρήγματα.
636 705 681 768 Oi
691 696 755 788 γάρ
764 689 813 768 σόν
821 699 941 783 Νάξιοι
952 698 1054 771 οὐδὲν
1068 702 1199 784 πάντας
1208 726 1310 794 προσ·
1322 710 1362 772 34

181 802 336 870 εδίκοντο
357 802 412 869 ἐπὶ
431 804 535 888 σφέας
554 799 613 870 τὸν
633 802 751 872 στόλον
770 807 889 872 τοῦτον
908 801 1122 895 ὁρμήσεσθαι.
1160 810 1232 878 ἐπεὶ
1250 813 1314 898 μέν

179 930 231 974 τοι
246 903 433 990 ἐπύθοντο,
457 901 577 975 αὐτίκα
591 905 652 994 μὲν
670 910 883 993 ἐσηνείκαντο
903 906 943 977 τά
960 913 997 978 ἐκ
1016 914 1083 978 τοῖν
1103 908 1216 1000 άγράν
1230 917 1263 994 ἐς
1276 912 1312 984 τό

179 1025 304 1096 τεῖχος,
324 1009 616 1096 παρεσκευάσαντο
639 1010 675 1080 δὲ
696 1005 740 1090 ὡς
760 1011 1071 1101 πολιορκησόμενοι,
1092 1018 1147 1084 καὶ
1168 1033 1243 1086 σῖτα
1257 1017 1312 1087 καί

180 1110 265 1182 ποτά
280 1109 385 1182 καὶτὸ
400 1129 506 1200 τεῖχος
524 1112 690 1197 ἐσάξαντο.
723 1117 790 1184 Καὶ
804 1105 896 1184 οὗτοι
909 1116 972 1204 μὲν
986 1105 1254 1206 παρεσκευάδατο
1269 1117 1312 1202 ὡς

179 1321 245 1364 nent.
283 1312 353 1362 Nam
372 1304 460 1361 πολλοὶ
482 1307 616 1375 πράττειν
635 1313 668 1365 de
691 1330 722 1366 eo
774 1329 854 1365 versa
873 1315 994 1378 Vallem,
1023 1317 1135 1368 Portum
1158 1299 1313 1385 s'imilesque

180 1383 236 1433 dici
254 1382 393 1443 novimus,
417 1383 463 1448 qui
485 1383 554 1434 mule
576 1387 618 1433 est
635 1385 723 1434 curio·
773 1383 894 1436 haesisse
904 1385 1071 1446 literatores3
1087 1386 1132 1438 ille
1142 1397 1264 1438 mirorum
1273 1405 1313 1438 re·

179 1470 236 1514 sus,
247 1453 326 1503 nimis
335 1451 455 1516 sedulus,
468 1459 495 1502 et
507 1467 578 1518 quae
588 1453 622 1503 ad
633 1454 721 1518 ipsum

179 1523 291 1573 rninirne
306 1523 459 1602 pertinent,
480 1522 515 1572 ad
534 1539 563 1574 se
579 1539 721 1588 revocans,

179 1595 391 1656 πολοττραγμων
402 1594 448 1657 qui
458 1591 538 1658 vulgo
549 1593 657 1643 dicitur.
677 1595 721 1644 lu-

179 1663 214 1714 de
223 1662 473 1725 πολοπρηγμονείν
485 1678 567 1728 supra
579 1663 630 1723 III,
640 1664 671 1714 15
681 1663 721 1714 in·

178 1734 296 1786 venitur.
327 1733 398 1796 Apte
409 1731 562 1784 Lareherus
578 1733 648 1783 citet
661 1733 720 1782 Ari·

178 1802 267 1866 stoph.
285 1802 354 1852 Iton.
371 1801 422 1852 230
441 1801 507 1867 ibiq.
528 1803 719 1864 interpretii)

180 1872 265 1938 (tor).
307 1871 375 1922 Add.
400 1872 466 1924 Pac.
492 1871 569 1926 1058,
593 1873 717 1938 Euripid.

125 1957 130 1966 ·
178 1941 324 2009 Hippolyt.
342 1941 401 1992 785.

346 2113 411 2166 Otr.
428 2112 552 2164 XXXIV.

224 2212 417 2284 ἐσηνείκαντο]
448 2216 520 2279 „Ec
543 2219 614 2284 apris
640 2220 721 2268 omnia

177 2295 395 2353 comportaverunt
416 2287 441 2336 ιἰι
455 2287 554 2352 urbem,
576 2302 645 2354 quae
661 2287 721 2352 qui-

178 2360 238 2410 dem
260 2363 351 2410 essent
369 2357 492 2416 mobilie3
513 2373 560 2421 pro
580 2373 654 2406 ruore
675 2355 721 2406 de-

178 2431 302 2494 gentium
325 2429 353 2478 in
376 2427 531 2478 istiusmodi
552 2426 719 2491 regionibus,

178 2501 208 2550 iu
221 2499 319 2565 quibua
331 2513 386 2548 una
398 2498 559 2562 praesertim
577 2497 641 2545 urbs
659 2501 720 2546 ten-

178 2575 236 2620 tum
248 2573 321 2621 esset
335 2581 410 2618 muro
422 2566 537 2618 munite.
567 2567 608 2615 De
625 2567 721 2617 Naxiis

178 2639 361 2704 locupletibus
392 2637 489 2688 scribit
518 2633 657 2686 Aristotel.
691 2635 720 2684 in

178 2711 246 2774 Rep.
269 2707 416 2758 Naxiorum
435 2705 509 2770 apud
529 2704 625 2756 Athen.
641 2705 718 2754 VIII.

179 2796 206 2846 p.
223 2778 313 2828 utet.
332 2774 368 2842 [p.
384 2778 430 2828 lit
442 2777 578 2840 Fregmm.
593 2775 635 2825 ed.
647 2776 719 2824 Neu·

178 2845 280 2913 menn]
306 2847 408 2897 Eadem
422 2847 494 2896 ratio
509 2845 560 2894 tuit
573 2846 601 2895 in
612 2845 718 2904 Attica,

179 2919 290 2984 saepius
303 2917 395 2980 ithue
406 2915 546 2982 leguntur,
563 2915 590 2964 in
604 2915 720 2964 historie

177 3003 288 3055 quoque
299 2987 452 3048 recentiori,
468 2991 589 3049 ternpore
601 2983 722 3048 Philippi

176 3065 206 3109 et
216 3055 361 3108 Alexandri
371 3053 560 3120 (Demosthen.
572 3071 597 3120 p.
607 3054 663 3116 140,
671 3054 719 3110 683

177 3127 292 3180 Diodor.
306 3127 361 3177 Sic.
377 3125 465 3190 XVII,
480 3123 518 3190 t.)
534 3123 624 3174 omnia
637 3122 720 3172 mohi-

768 1455 913 1517 sectr'ouem,
936 1471 1016 1520 quam
1036 1450 1188 1520 ἐπισκευὴν
1202 1463 1312 1522 vocant,

772 1523 921 1588 significari
942 1525 1068 1578 credidit.
1105 1527 1205 1578 Portus
1224 1527 1309 1578 reddi-

770 1593 810 1670 dit
831 1609 914 1644 ruuroe
931 1599 1087 1646 muniverant
1105 1595 1255 1661 retulitque
1276 1595 1312 1646 nd

771 1675 889 1712 σαττειν.
922 1666 1022 1715 Verum
1035 1666 1182 1726 vidissent,
1201 1667 1225 1717 si
1239 1667 1311 1716 eimi-

769 1732 808 1782 lia
828 1739 1032 1798 comparassent
1050 1734 1183 1786 Herodoti
1201 1735 1228 1797 I,
1248 1737 1309 1786 tto:

769 1803 915 1867 Babylonii
928 1795 1138 1870 κατειλήθησαν
1149 1795 1176 1862 ἐς
1188 1799 1219 1854 τὸ
1230 1795 1311 1867 doro,

769 1873 797 1922 iu
810 1873 903 1924 urbem
917 1880 1006 1926 autern
1016 1877 1024 1934 ,'
1044 1875 1186 1926 obsidione
1202 1875 1311 1940 praevi·

770 1958 815 2002 sa,
834 1939 1027 2004 προεσάξαντο
1042 1943 1115 1994 σιτία
1127 1935 1210 1994 ἐτέων
1222 1936 1312 2005 κάρτα

769 2009 891 2074 πολλῶν,
902 2014 949 2062 ium
958 2024 1017 2064 unte
1026 2022 1243 2077 comportaverunt
1249 2029 1311 2077 per-

770 2083 896 2132 multorum
912 2099 1031 2134 οιιιιοιτιιτι
1051 2093 1212 2147 courmeutue3
1231 2084 1310 2145 VIII,

771 2152 821 2201 20:
847 2143 911 2199 οὔτε
926 2141 1123 2215 ἐξεκομίσαντο
1144 2145 1230 2202 ov'dlu
1244 2143 1310 2204 οὔτε

772 2215 976 2282 προεσάξαντο.
1013 2224 1073 2272 Non
1094 2223 1176 2274 facile
1193 2224 1310 2288 reperie-

772 2295 825 2346 tur,
833 2291 878 2354 qui
889 2291 1171 2353 prseterhlerodoturn
1183 2292 1311 2344 edhibue-

771 2360 807 2409 rit
819 2350 959 2420 άξασθαι,
972 2350 1144 2422 tetraonas,
1156 2353 1311 2420 προεσάξα-

771 2427 849 2477 σθαι.
876 2427 953 2490 Quae
964 2429 1047 2478 hebet
1058 2415 1141 2492 ἦκται
1151 2434 1178 2478 et
1189 2422 1310 2494 ἐσῆκται,

772 2497 819 2548 illa
835 2498 1008 2562 reperiuntur
1024 2503 1050 2547 et
1061 2498 1134 2563 epud
1148 2498 1218 2548 alios
1230 2500 1312 2549 istius

771 2569 853 2619 etiam
868 2568 978 2620 aetatis.
1006 2569 1063 2618 Iam
1080 2581 1145 2618 vero
1158 2561 1205 2616 sul
1220 2569 1313 2630 τεῖχος

772 2639 805 2688 ab
817 2637 943 2702 imperito
962 2638 1080 2702 positum
1095 2639 1219 2702 suspicor
1237 2642 1265 2688 et
1276 2636 1311 2686 ab

771 2707 911 2758 Herodoto
932 2709 1078 2771 scriptum,
1098 2709 1135 2757 ud
1149 2709 1312 2772 oppupnatio-

771 2794 824 2826 nem
842 2785 924 2827 auteur
948 2779 1103 2828 tolerandam
1124 2792 1181 2826 sese
1201 2792 1312 2841 parave-

770 2855 843 2907 runt,
864 2841 913 2895 uoti
926 2847 1000 2896 σιτία
1012 2842 1060 2895 καὶ
1077 2837 1149 2896 ποτά
1166 2838 1202 2895 τὸ
1217 2849 1308 2910 τεῖχος

770 2907 915 2978 ἐσάξαντο,
926 2915 953 2966 id
963 2921 1004 2967 est
1012 2907 1040 2974 ts
1049 2908 1080 2965 τὸ
1091 2919 1183 2981 τεῖχος
1193 2909 1310 2980 ἦξαντο,

771 2995 797 3036 et
817 2990 944 3037 cenulenta
958 2989 1138 3052 potulentuque
1159 2993 1311 3036 curaverunt

770 3060 839 3108 intra
861 3057 946 3106 urbem
963 3057 1124 3121 iurportari.“
1153 3058 1180 3106 V
1183 3057 1214 3104 ul
1221 3055 1309 3106 οΙιειι.

771 3126 838 3176 Indo
856 3125 953 3192 Negria
983 3126 1096 3190 scripsit
1117 3115 1145 3180 ἔς
1165 3117 1196 3173 τὸ
1219 3126 1311 3188 τεῖχος

771 3187 906 3254 ἐσάξαντο
920 3195 1001 3260 idque
1015 3196 1138 3259 exponit:
1158 3189 1199 3250 είς
1213 3185 1244 3242 τὸ
1256 3195 1312 3243 τεί-

772 3279 820 3329 γος
836 3256 958 3328 ἤγαγον,
977 3257 1101 3329 ἔμβασαν
1119 3256 1158 3320 είς
1173 3257 1205 3312 τὸ
1222 3255 1312 3326 φροό-

772 3347 846 3394 ριον.
871 3334 964 3384 Secuti
976 3341 1038 3384 aunt
1049 3333 1269 3398 Schweighaeus.
1284 3337 1311 3384 et

178 3199 219 3250 lie
236 3213 251 3248 e
269 3197 349 3262 pagis
362 3195 483 3245 Athenas
497 3194 584 3244 Attici
599 3208 720 3258 compor-

178 3275 269 3326 tasse,
299 3265 429 3330 imp'rirnis
456 3263 528 3314 bello
555 3262 721 3328 Peloponne-

178 3339 266 3390 siaco:
279 3333 515 3401 praeterThucyd.
524 3335 603 3384 testis
614 3333 722 3384 esthri-

180 3405 271 3473 stoph.
285 3407 353 3471 qu.
367 3404 418 3456 780
433 3411 458 3453 et
468 3403 528 3454 802.
543 3403 661 3455 Acharn.
677 3403 719 3452 72.
772 3401 876 3462 (taisi,
897 3401 974 3453 libris
991 3403 1100 3467 scriptis
1117 3407 1144 3452 et
1159 3402 1240 3454 editis
1256 3418 1311 3452 ma-

180 3479 246 3528 Pac.
266 3475 333 3536 631,
355 3475 402 3525 ubi
419 3473 475 3524 vid.
494 3471 611 3526 Schol.“
640 3473 720 3522 Vai-
770 3473 843 3524 xime
863 3473 1071 3534 fluctuantibus,
1098 3487 1210 3536 quorum
1233 3474 1312 3538 pleri-

179 3549 268 3598 elren.
298 3546 352 3595 Pro
369 3543 444 3604 viriq.
464 3533 638 3592 ἐσενείκαντο
660 3557 721 3593 cum
773 3557 826 3608 que
841 3538 887 3591 uel
899 3536 930 3592 τὸ
944 3544 1037 3607 τεῖχος
1051 3541 1190 3606 exhibent,
1203 3543 1253 3594 alii
1264 3537 1312 3592 καὶ

180 3615 317 3668 Bredovio
336 3631 362 3678 p.
381 3613 434 3666 299
452 3615 581 3664 rovocnvi
602 3611 721 3663 etribus
771 3612 879 3676 τεῖχος,
905 3627 974 3678 quae
995 3613 1057 3678 ipsu
1077 3612 1332 3664 adulterinarum

180 3685 260 3737 codd.
283 3673 482 3748 ἐσηνείκαντο,
507 3682 579 3746 quod
601 3683 684 3732 etiem
705 3697 722 3731 a
771 3681 913 3733 habuisset
924 3682 1133 3747 Wesselingius,
1151 3685 1229 3733 uncis
1248 3683 1311 3732 inde

180 3755 335 3808 hlatthiaeo
347 3758 484 3818 receptum
501 3752 597 3814 video,
618 3752 722 3802 citente
774 3751 941 3804 incluserunt
952 3751 1115 3803 Schseierus
1129 3758 1156 3800 et
1166 3751 1312 3810 Matthiae,

181 3824 298 3890 Apetuio
311 3825 344 3884 V,
357 3823 401 3874 33.
414 3823 438 3884 Ι,
453 3821 493 3872 19.
509 3824 551 3873 hi.
565 3821 607 3872 tu.
621 3823 664 3872 74.
678 3822 721 3874 84.
774 3823 820 3886 qui
832 3822 903 3872 idem
917 3821 985 3872 haee
1003 3821 1112 3873 exhibet
1124 3822 1152 3871 in
1165 3821 1211 3871 Gr.
1225 3821 1270 3870 Gr.
1286 3822 1312 3879 §-

180 3893 316 3948 itt-Ad
328 3883 413 3942 sidtu
426 3884 549 3950 πάντας,
561 3891 632 3957 quod
646 3895 722 3942 ante·
773 3891 833 3943 stu.
854 3907 916 3958 pag.
935 3891 1001 3956 786,
1026 3891 1060 3942 ob
1077 3891 1230 3942 accusativi
1242 3892 1313 3938 stru·

180 3964 271 4024 cedit,
293 3961 365 4015 coni.
384 3965 425 4025 V,
440 3961 474 4014 65
493 3962 584 4027 ibique
601 3965 671 4011 nott.
689 3988 723 3998 -
773 3967 888 4012 eturem.
913 3963 1029 4024 Hoeger.
1041 3961 1070 4010 in
1083 3961 1157 4010 Actt.
1177 3957 1242 4021 phil.
1254 3957 1312 4005 Mo·

183 4035 215 4085 In
229 4049 295 4100 seqq
314 4023 568 4096 πολιορκησόμενοι
582 4032 723 4097 passivum
774 4047 850 4082 nuce.
865 4033 896 4082 T.
910 4031 963 4082 III.
978 4047 1003 4096 p.
1016 4028 1154 4080 tte-tut
1171 4029 1212 4075 its
1230 4023 1313 4074 scribi

181 4104 266 4154 hahet
282 4105 352 4166 vim,
376 4102 409 4153 de
427 4118 479 4167 que
500 4102 572 4152 conf.
595 4105 665 4152 nott.
688 4101 722 4151 sd
773 4101 844 4152 vult:
862 4096 910 4149 sul
919 4093 951 4148 τὸ
962 4101 1054 4162 τεῖχος
1067 4087 1241 4160 ἐφράξαντο,
1258 4109 1312 4159 quo

182 4176 222 4236 V,
236 4173 279 4224 35.
774 4171 866 4222 eodem
876 4169 1094 4220 verboNostrnm
1104 4179 1248 4216 usuruesse
1258 4180 1314 4216 mo·

218 4238 267 4292 sut
281 4243 343 4291 σι’τα
358 4235 405 4290 καί
426 4231 500 4290 sosoi
517 4235 565 4288 uui
584 4229 615 4287 τό
633 4240 724 4303 τεῖχος
774 4245 821 4292 nst
831 4241 879 4302 lx,
892 4239 935 4290 70.
947 4237 1024 4298 v111,
1035 4235 1077 4284 51.
1089 4233 1230 4286 Plutarch.
1242 4235 1311 4290 Sert.

182 4301 333 4376 ἐσάξαντο]
364 4311 449 4374 „Non
474 4311 557 4360 miror
582 4309 610 4358 in
637 4309 723 4359 forma
774 4304 973 4360 κινητικο.
995 4305 1192 4357 Oat.msi.13.
1230 4306 1313 4371 Equi-

182 4381 263 4436 verbi
290 4379 475 4448 grammaticis
503 4378 577 4430 haud
603 4377 724 4428 animed-
774 4379 835 4431 dem
856 4393 908 4445 quo
927 4375 1015 4426 minus
1032 4373 1214 4428 Valckenario
1235 4391 1313 4429 acce·
