3010 4966
647 319 913 396 unuo’nocr
943 297 964 404 J
1064 403 1067 410 Ι

214 341 272 404 160

189 518 248 582 ἀί
272 517 422 581 τοιαῦται
449 514 631 596 ίρουργίαι·
673 510 737 577 είσΙ
765 511 805 578 δέ
830 529 890 596 σφι
917 510 974 578 καὶ
1005 505 1143 598 ἀρρήτοι
1171 515 1346 601 ἱρουργίαι.

162 620 441 704 84Κλεφθέντων
469 613 634 680 δὲτῶνδε
658 617 726 680 των
751 608 951 700 ἀγαλμάτων
977 618 1014 681 οί
1029 610 1234 704 Ἐπιδαύριοι
1264 632 1347 684 τοῖσι

207 717 414 808 Ἀθηναίοισι
427 715 466 786 τά
477 719 660 785 συνέθεντο
675 712 736 784 ούκ
751 719 931 785 ἐπετέλεον.
945 719 1145 804 πέμψαντες
1157 718 1194 787 δὲ
1205 724 1240 787 οί
1250 717 1346 808 Ἀθή-

208 840 298 892 ναῖοι
314 823 450 912 ἐμήνιον
471 836 557 889 τοῖσι
574 815 829 907 Ἐπιδαυρίοισι·
857 825 892 888 oi
911 819 947 888 δὲ
965 816 1154 907 ἀπέφαινον
1175 821 1282 914 λόγῳ,
1306 819 1348 900 ὡς

210 923 271 994 ούκ
285 923 451 995 ἀδικοῖεν·
478 920 559 991 ὅσον
580 923 643 1011 μὲν
663 922 727 1012 γὰρ
741 922 863 1012 χρόνον
886 922 975 1011 εἶχον
995 921 1035 991 rol
1057 921 1230 1013 ἀγάλματα
1251 929 1287 994 ἐν
1308 930 1349 1013 τῇ

210 1029 317 1118 χαίρῃ,
333 1031 513 1099 ἐπιτελέειν
526 1024 566 1094 τὰ
580 1031 779 1095 συνέθεντο·
803 1029 875 1096 ἐπεὶ
890 1028 925 1096 δὲ
940 1030 1139 1115 ἐστερῆσθαι
1153 1025 1282 1114 αὐτῶν,
1307 1027 1346 1096 ού

211 1139 342 1218 δίκαιον
356 1132 441 1202 εἶναι
455 1128 638 1218 ἀποφέρειν
653 1137 716 1215 ἔτι,
731 1127 814 1198 ἀλλά
829 1127 905 1209 τούς
919 1137 1053 1217 ἔχοντας
1068 1129 1153 1200 αύτά
1164 1131 1345 1219 Αἰγινήτας

210 1236 419 1324 πρήσσεσθαι
439 1237 602 1304 ἐκέλευον.
636 1231 728 1320 Πρὸς
748 1237 851 1301 ταῦτα
869 1229 1089 1328 Ἀθηναῖοιιές
1104 1244 1249 1320 Αίγιναυ
1262 1241 1342 1322 πέμ-

184 1353 188 1364 '
212 1356 335 1421 ψαντες
349 1338 508 1408 ἀπαίτεον
523 1336 562 1406 τά
576 1333 764 1424 ἀγάλματα·
794 1341 829 1404 οί
840 1337 876 1405 δὲ
891 1341 1067 1424 Αἰγινῆται
1082 1345 1229 1424 ἔφασαν,
1251 1346 1346 1426 σφίσι

164 1446 316 1515 85τεκαΙ
343 1441 547 1530 Ἀθηναίοισι
576 1439 662 1508 εἶναι
685 1436 787 1508 ούδὲν
815 1443 959 1536 πρήγμα.
1007 1437 1177 1527 Ἀθηναῖοι
1199 1443 1261 1529 μέν
1282 1469 1345 1508 νυν

212 1549 363 1632 λέγουσι,
391 1541 472 1632 μετὰ
501 1543 561 1630 τήν
590 1538 770 1630 ἀπαίτησιν
796 1539 1021 1630 ἀποσταλῆναι
1047 1543 1177 1632 τριήρει
1199 1548 1258 1633 μιῇ
1279 1549 1346 1612 των

210 1644 321 1715 ἀστῶν
334 1647 491 1732 τούτους,
513 1655 547 1716 οἲ
565 1642 844 1734 ἀποπεμφθέντες
865 1643 929 1714 ἀπὸ
952 1649 1013 1714 τού
1026 1651 1143 1715 κοινοῦ
1157 1649 1212 1715 καὶ
1226 1644 1341 1716 ἀπικό-

210 1777 304 1838 μενοι
331 1755 364 1830 ές
385 1753 530 1838 Αίγιναν
556 1747 595 1818 rol
616 1745 789 1838 ἀγάλματα
813 1723 933 1836 ended,
968 1745 1012 1828 ὡς
1036 1753 1208 1837 σφετέρων
1236 1750 1344 1832 ξύλων

211 1852 324 1940 ἐόντα,
346 1857 525 1944 ἐπειρῶντο
540 1857 577 1924 ἐκ
591 1857 659 1921 των
672 1853 814 1942 βάθρων
828 1857 1032 1940 ἐξανασπᾶν,
1052 1859 1110 1922 ἳνα
1123 1856 1209 1940 σφέα
1223 1850 1343 1922 ἀνακο-

804 2062 854 2109 trrr'
875 2058 1022 2119 declarare,
1046 2061 1212 2122 exposnrlarc
1235 2076 1287 2110 cnm
1309 2063 1346 2110 υί-

804 2138 873 2188 tero,
895 2129 1056 2208 exprobrare
1074 2131 1150 2178 alteri
1164 2132 1227 2178 nole
1240 2131 1342 2192 foctrnn.

246 2053 298 2109 eloi
325 2053 357 2108 δέ
380 2073 431 2122 σφι
454 2055 501 2109 κοιλ
519 2050 638 2124 ἀρρητοι
656 2053 753 2124 ίρονρ-

210 2129 279 2194 yios]
302 2131 353 2180 Pro
367 2131 440 2194 vulg.
459 2123 582 2192 ἴροργίαι
602 2130 667 2180 etb.
687 2131 703 2180 l.
725 2137 752 2178 et

211 2201 238 2250 in
251 2203 370 2264 proxime
381 2199 605 2250 antecedentibus
616 2217 674 2250 curn
689 2202 752 2249 ltre-

209 2271 271 2320 dov.
287 2287 314 2334 p.
330 2269 376 2320 rnr
392 2271 489 2334 scripsi
504 2262 663 2333 ΐρουργιἀι,
679 2269 750 2334 quod

209 2341 348 2390 Saueroiti
371 2339 439 2390 liber
464 2355 595 2393 unrocum
617 2341 750 2388 Parisinis

208 2409 286 2459 codd.
297 2410 418 2474 praebet.
443 2409 636 2474 Intellignntur
648 2416 749 2470 autern,

209 2485 239 2528 ut
265 2497 297 2530 ex
320 2480 429 2530 adiecta
449 2495 516 2529 voce
539 2471 658 2542 ἄρρητοι
682 2479 750 2528 satis

110 2593 113 2604 ,
209 2555 336 2612 apparot,
349 2564 427 2598 roera
438 2564 549 2610 ιινσιυιιι,
562 2565 584 2601 s.
596 2551 674 2607 ritus,
690 2563 750 2597 cne-

207 2619 339 2667 rinrouine
353 2617 387 2665 ad
399 2618 528 2680 mysteria
542 2620 709 2681 pertinentes
723 2623 750 2667 et

209 2687 346 2749 singulare
359 2686 422 2748 quid
435 2687 620 2750 continentes,
633 2686 750 2750 indeque

208 2755 308 2802 eximia
322 2754 436 2817 quadam
450 2770 515 2803 cura
529 2761 677 2816 tractatae,
693 2755 750 2819 pln-

209 2823 291 2870 candi
306 2822 422 2872 numinis
434 2830 484 2872 out
494 2823 557 2872 mali
569 2839 749 2874 averruncan-

208 2892 237 2939 rli
256 2894 471 2958 cerrsufornnino
490 2893 650 2944 institutae:
674 2895 748 2943 conf.

202 2961 339 3011 ·Nitasclr:
365 2965 406 3012 Dc
422 2963 624 3013 Eleusiniorurn
642 2964 748 3014 ratione

190 3033 236 3077 'ct
262 3038 421 3096 argumento
445 3031 511 3097 (llil.
533 3031 610 3096 1846)
635 3047 696 3117 pnp-
715 3035 748 3086 32

207 3115 310 3162 seq.·-
330 3101 368 3150 Ad
382 3102 495 3152 fonnem
515 3103 646 3152 adiectivi
661 3120 748 3168 αρρη-

206 3182 255 3224 τος
271 3169 305 3219 ci.
321 3171 433 3223 Bredov.
450 3188 476 3238 p.
489 3174 550 3224 277.

360 3359 426 3411 Cur.
446 3361 595 3414 LXXXIV.

243 3471 295 3526 οὐκ
308 3467 462 3546 ἐπετέλεον]
482 3484 526 3533 lta
541 3500 600 3534 euru
613 3484 699 3535 Geisf.
719 3491 747 3535 et

208 3548 305 3599 linttb.
327 3549 489 3602 Scbaeicrus
508 3570 522 3603 e
543 3553 648 3604 duobus
666 3556 745 3605 codd.

208 3619 311 3681 recepit
333 3608 509 3684 ἐπετέλεον,
535 3623 658 3687 neglecto
674 3640 746 3689 uug-

209 3691 314 3742 mento:
342 3688 389 3736 sed
411 3690 466 3739 vid.
493 3697 561 3740 nottv
586 3693 621 3760 ad
643 3694 680 3754 V,
702 3695 745 3746 83.

207 3755 480 3820 Schweiglrneuserus
501 3761 618 3810 malebat
637 3759 676 3810 ἔτι
694 3757 745 3810 ίτέ·

207 3827 272 3874 λεον
292 3826 334 3876 rel
351 3818 391 3876 ἔτι
406 3824 508 3878 τέλεον.
541 3831 604 3880 Mox
621 3848 682 3882 curn
706 3849 746 3881 re·

207 3901 291 3946 centt.
311 3895 371 3948 edd.
390 3897 490 3946 retinui
510 3888 640 3963 ἐμήνιον,
668 3901 745 3952 nddi-

206 3972 285 4016 cente
303 3964 460 4016 Florentino
480 3967 558 4018 libro.
596 3969 666 4019 Olim
683 3963 745 4034 ίμή-

838 2191 867 2245 οἵ
877 2192 907 2246 δὲ
919 2211 1083 2259 απεφαινον
1094 2189 1176 2265 λόγῳ]
1192 2203 1292 2249 rarione
1302 2201 1344 2248 ιίι-

802 2275 987 2330 monstrarunt,
1002 2274 1032 2317 ut
1053 2269 1081 2331 1,
1097 2269 1152 2318 129.
1187 2262 1236 2318 Sic'
1246 2271 1282 2330 V,
1295 2271 1342 2318 nr:

800 2329 1020 2392 ἀποδεικνύντες
1034 2330 1116 2403 λόγῳ.
1146 2339 1177 2387 Ιι]
1191 2355 1267 2404 seqq.
1281 2339 1341 2388 dedi

801 2396 896 2454 αύτιᾶν
909 2422 957 2470 pro
969 2397 1086 2459 αύτέιιν,
1109 2407 1149 2455 ΑιΙ
1161 2403 1339 2471 πρήσσεσθαι

802 2475 929 2540 (ccipere)
951 2477 1023 2525 conf.
1036 2477 1095 2539 ΙΙΙ,
1113 2477 1147 2524 58
1161 2478 1251 2541 ibique
1270 2483 1341 2526 nott.
1426 2497 1428 2502 ·

802 2545 843 2594 nd
871 2548 955 2596 verbu
980 2547 1007 2594 in
1036 2547 1085 2596 tino
1111 2548 1211 2610 eapitis
1239 2548 1342 2612 positu:

802 2613 881 2676 σφίσι
900 2627 928 2662 τε
950 2612 997 2662 καλ
1016 2607 1189 2679 Ἀθηναίοισι
1208 2609 1282 2664 εἶναι
1295 2609 1340 2665 ού-

801 2677 852 2733 etv
866 2685 981 2748 πρῆγμα
993 2685 1065 2735 cont.
1083 2691 1151 2739 nott.
1168 2687 1203 2735 ad
1220 2687 1252 2746 V,
1269 2687 1312 2740 3³.

963 2823 1029 2874 Car.
1048 2825 1182 2876 LXXXV.

834 2920 1075 2996 ἀποπεμφθέντες
1086 2917 1143 2976 ἀπὸ
1158 2929 1211 2976 τοῦ
1226 2923 1338 2991 κοινοῦ]
1439 2925 1442 2932 “

801 2997 817 3045 ίΔ
834 3013 856 3047 e.
874 2997 975 3058 publice
995 2999 1070 3046 irrisui.
1108 2998 1172 3047 Mox
1195 3013 1243 3063 pro
1268 2987 1341 3045 ίπει-

801 3064 892 3128 ριῐντο
907 3066 935 3114 iu
949 3066 1080 3128 Mediceo,
1094 3067 1262 3129 Florentino,
1276 3066 1339 3116 aliis

800 3136 879 3185 codd.
893 3139 982 3186 exstat
995 3133 1107 3200 πειρᾶν,
1121 3137 1192 3202 quod
1202 3137 1339 3186 Gronovio

800 3204 903 3270 placuit
912 3205 1193 3269 atqusValekensrio‚
1205 3207 1251 3271 qui
1261 3206 1339 3270 plura

799 3275 856 3324 alia
873 3278 957 3324 etiam
975 3275 1102 3326 hocloco
1125 3276 1255 3325 mutanda
1277 3290 1339 3324 ceu-

799 3353 856 3407 set,
881 3359 950 3408 quee
971 3359 1032 3394 cum
1052 3345 1087 3394 ab
1103 3345 1236 3395 Herodoti
1256 3359 1336 3394 manu

798 3415 976 3479 codicumque
994 3415 1117 3479 vestigiis
1135 3415 1241 3478 longius
1264 3429 1337 3464 rece·

797 3486 865 3534 dont
879 3500 929 3534 nec
944 3483 1090 3534 ullomodo
1105 3487 1259 3535 necessaria
1278 3499 1349 3538 esse,

796 3554 952 3614 videantur,
977 3553 1005 3602 id
1026 3555 1098 3618 quod
1119 3554 1240 3618 pluribus
1264 3569 1334 3602 com·

798 3625 962 3674 monstravit
993 3623 1258 3687 Schweighaeuser,
1293 3621 1337 3671 hio

797 3695 945 3758 praeterire
976 3692 1136 3752 maluimus3
1177 3707 1337 3757 quiunquam
1407 3745 1411 3760 Ι

798 3765 892 3812 mirum
904 3777 981 3825 sane,
997 3762 1042 3827 qui
1056 3763 1158 3812 iactum
1170 3767 1216 3823 sit,
1230 3762 1295 3810 utin
1306 3761 1338 3809 il-

796 3833 830 3882 lis
841 3831 916 3882 libris
927 3838 1084 3896 compareat
1094 3827 1194 3894 πειρᾶν
1204 3847 1252 3896 pre
1265 3821 1339 3879 ἒπει-

797 3899 897 3964 ρῶντο.
941 3901 983 3951 Ad
1012 3901 1236 3966 significationem
1260 3900 1338 3950 verbi
1428 3903 1430 3906 '

798 3968 953 4032 πειρᾶσθαι
973 3973 1047 4020 coni.
1062 3976 1130 4020 nott.
1151 3970 1185 4018 orl
1202 3969 1260 4031 ΙΙΙ,
1279 3969 1335 4020 llll.

208 4050 286 4088 νυον,
311 4033 390 4088 Cous.
404 4035 472 4097 Vll,
491 4036 546 4092 lon,
557 4038 648 4103 ibique
664 4040 748 4089 allata
798 4042 862 4089 Mox
877 4029 971 4088 αύτιιίν
989 4041 1088 4103 scripsi
1107 4055 1155 4104 pro
1169 4031 1284 4088 udts'uv.
1303 4066 1337 4073 —

206 4111 233 4155 et
247 4105 329 4155 Thes.
342 4105 423 4169 Ling.
436 4105 532 4155 Gracc.
546 4107 577 4158 T.
592 4109 624 4160 V.
641 4125 667 4173 p.
681 4109 746 4159 1005
798 4110 915 4159 Verbum
933 4101 1126 4171 dutresindus,
1146 4123 1199 4173 quo
1215 4109 1242 4158 iu
1261 4123 1335 4172 seqq.

205 4174 246 4222 ed.
259 4174 386 4224 Dindorf.
416 4175 476 4223 Hoc
490 4173 558 4238 loco,
572 4181 602 4226 ut
615 4178 746 4229 observat
796 4181 896 4230 Noster
909 4179 1004 4236 utitur,
1018 4179 1052 4229 de
1065 4179 1099 4230 iis
1113 4178 1177 4239 dici,
1190 4193 1261 4242 quas
1274 4179 1337 4229 sub·

205 4242 357 4307 Sclrweigh.
372 4245 400 4294 in
412 4245 478 4293 Lex.
490 4245 655 4312 Herodoteo,
669 4248 745 4298 istud
796 4249 837 4297 ito
856 4251 883 4298 et
905 4249 1092 4312 inexspectato
1112 4249 1190 4297 nobis
1211 4249 1338 4311 ingruere

203 4312 377 4362 verbumnon
390 4311 744 4383 valentinianumque·
795 4323 878 4382 atque
906 4315 1030 4367 accidere
1059 4317 1162 4376 solent,
1188 4317 1337 4368 ostendunt

203 4395 320 4442 censere,
342 4383 388 4433 sed
408 4384 513 4448 potius:
537 4388 601 4438 iram
619 4405 689 4440 snam
706 4389 744 4438 al·
770 4419 772 4422 -
795 4385 1114 4451 aliiloci,utVIlI,13.
1131 4387 1173 4438 37.
1187 4386 1242 4437 70.v
