3062 4976
166 355 169 362 ’
244 365 305 448 set
678 375 944 444 aaronem

178 556 378 646 ll'3‘'El.trpot
394 557 449 626 aui
463 553 500 624 τό
515 552 641 644 οὕνομα
656 553 692 623 τὸ
708 554 840 643 Μήδων
855 554 958 642 φόβος
974 550 1125 623 ἀκοῦσαι.
1166 555 1397 642 Μαχομένων

107 661 111 670 ’
248 665 336 734 otto
356 667 401 755 spi
416 665 611 749 Μαραθῶνι
633 659 750 748 χρόνος
772 662 899 745 ἐγίνετο
919 657 1049 737 πολλός.
1080 659 1135 726 καὶ
1150 656 1187 727 τὸ
1201 659 1264 746 μὲν
1278 660 1396 746 μέσον

247 773 308 836 τοῦ
322 769 549 855 στρατοπέδου
570 767 692 833 ἐνίκων
711 767 744 831 oi
763 763 944 851 βάρβαροι,
966 767 1007 850 τῇ
1021 764 1149 848 Πέρσαι
1165 789 1199 829 τε
1215 759 1310 830 αὐτοὶ
1327 764 1395 828 καὶ

245 869 355 940 Σάκαι
371 865 558 956 ἐτετάχατο·
589 867 672 936 κατὰ
687 871 784 936 τοῦτο
799 867 861 954 μὲν
875 864 917 954 δὴ
936 867 1059 934 ἐνίκων
1074 869 1108 934 oi
1120 864 1304 954 βάρβαροι,
1328 867 1393 932 καὶ

246 974 402 1065 ῥήξαντες
417 976 559 1040 ἐδίωκον
573 974 606 1050 ἐς
619 970 680 1059 τὴν
695 969 892 1059 μεσόγαιαν·
922 967 959 1040 τό
974 969 1012 1038 δὲ
1025 971 1125 1057 κέρας
1140 969 1296 1055 ἑκάτερον
1312 971 1391 1036 ἐντ’-

246 1107 316 1149 κων
331 1074 509 1164 Ἀθηναῐοί
523 1101 559 1142 τε
581 1076 636 1142 καὶ
651 1077 843 1152 Πλαταιέες.
877 1081 1036 1153 νικῶντες
1055 1073 1092 1140 di
1109 1067 1149 1140 τό
1164 1073 1226 1161 μὲν
1239 1099 1391 1159 τετραμ-

246 1185 435 1272 μόνοντῶν
455 1177 637 1267 βαρβάρων
659 1177 800 1264 φεύγειν
815 1183 896 1244 ἔων·
931 1191 1016 1246 τοῖσι
1038 1175 1075 1245 tt
1096 1173 1132 1244 τό
1147 1179 1251 1264 μέσον
1265 1174 1393 1263 ῥήξασι

247 1282 378 1370 αὐτῶν,
397 1281 644 1370 συναγαγόντες
664 1279 703 1349 τὰ
718 1283 817 1367 κέρεα
835 1275 1022 1368 ἀμφότερα,
1044 1279 1220 1367 ἐμάχοντο,
1244 1281 1299 1346 καὶ
1315 1282 1392 1346 ἐντ’-
1463 1355 1472 1372 .

248 1417 318 1458 κων
334 1385 518 1474 Ἀθηναῖοι.
547 1385 712 1472 φεύγουσι
727 1383 763 1453 di
777 1399 863 1452 τοῖσι
877 1387 1026 1472 Πέρσῃσι
1044 1388 1177 1453 εἵποντο
1192 1382 1393 1466 κόπτοντες,

248 1487 312 1570 έςὸ
328 1491 381 1558 ἐπὶ
395 1487 457 1577 τὴν
470 1487 645 1558 θάλασσαν
666 1485 863 1576 όττικόμενοι
885 1493 952 1573 πῦρ
972 1515 1006 1556 τε
1028 1499 1141 1556 αἴτεον
1159 1488 1214 1554 καὶ
1238 1488 1391 1573 έκελαμ-
1505 1517 1507 1590 ρ

249 1594 394 1682 βανοντο
411 1597 479 1662 τῶν
495 1595 593 1660 νεῶν.

428 1826 485 1876 CM,
513 1825 626 1875 CXIII«
843 1804 941 1854 γαιαν;
966 1789 998 1838 de
1017 1789 1077 1853 ipsa
1102 1787 1180 1840 huius
1200 1791 1274 1840 rucis
1295 1790 1390 1840 forma

489 1862 494 1874 '
607 1859 614 1873 ”
844 1859 900 1910 vid.
913 1865 1066 1909 monentem
1079 1860 1195 1911 Bredor.
1214 1877 1239 1925 p.
1255 1859 1310 1908 ltu.
1325 1859 1388 1911 139.

287 1920 317 1980 έν
332 1927 371 1998 τῷ
383 1926 560 1994 Μαραθῶνι]
584 1930 600 1980 i.
619 1943 641 1978 e.
656 1930 682 1978 in
700 1930 793 1992 euripis
877 1920 908 1977 τό
928 1923 979 1992 μὲν
996 1924 1186 1992 τετραμμένον
1206 1927 1262 1977 τῶν
1280 1925 1391 1996 βαρβά-

252 2001 422 2052 Marathoniis
443 1999 478 2050 ad
493 1998 680 2049 Marathonem
700 1999 793 2049 urbem
844 1996 914 2063 ρων]
925 2001 990 2048 Earn
1002 1996 1129 2064 intelligit
1139 2000 1313 2050 barbarorum
1325 2015 1392 2064 par·

253 2073 313 2123 sitis
327 2071 444 2135 indeque
455 2069 585 2131 extensis,
600 2075 723 2134 utsupra
733 2084 764 2118 ca
785 2107 791 2119 .
843 2075 912 2130 tem,
932 2083 1000 2133 qnae
1016 2069 1043 2116 in
1061 2066 1153 2134 lugam
1168 2085 1300 2120 conuersa
1313 2077 1387 2122 erat.

256 2143 282 2192 ll
292 2143 315 2192 l:
328 2132 508 2204 τασσομένων
517 2136 573 2188 τῶν
586 2128 746 2201 Ἀθηναίων
757 2085 782 2188 i]
777 2153 794 2186 ν
843 2141 882 2189 Ac
899 2140 1011 2187 miratur
1024 2138 1194 2199 Lercherue,
1215 2139 1287 2203 quod
1299 2139 1391 2190 Hero·

252 2209 292 2280 τῷ
308 2207 474 2275 Μαραθῶνι
489 2207 599 2274 ernpud
611 2207 750 2260 Plutarch.
766 2210 793 2257 in
844 2208 923 2259 dotus
937 2207 963 2255 h.
980 2207 997 2260 l.
1018 2207 1051 2256 de
1062 2207 1190 2258 Aristidis
1208 2207 1389 2268 facinoribus,

252 2281 368 2333 Aristid.
380 2282 406 2344 5,
418 2281 464 2346 qui
479 2279 504 2329 id
516 2294 623 2344 quoque
636 2279 729 2341 refert,
742 2293 795 2328 me·
845 2279 877 2328 de
898 2277 998 2343 quibus
1016 2277 1099 2328 multa
1117 2277 1256 2328 Plutarch.
1277 2278 1305 2327 in
1328 2279 1391 2328 Ari-

253 2351 326 2404 diam
340 2351 545 2401 Atheniensium
561 2349 648 2398 aciem
662 2350 689 2397 in
704 2363 794 2413 pugna
845 2347 909 2397 stid.
924 2363 983 2410 cap.
1000 2347 1030 2408 5,
1049 2347 1116 2397 nihil
1129 2363 1239 2413 prorsus
1253 2347 1388 2398 retulerit.

255 2422 368 2470 maxime
380 2419 529 2478 laborasse,
543 2418 590 2467 sed
601 2417 794 2467 Themistoclis
845 2416 898 2468 Sed
918 2415 991 2465 alind
1012 2415 1065 2466 iuit
1087 2417 1229 2468 consilium
1246 2417 1390 2468 Plutarchi

255 2497 282 2542 et
300 2490 429 2540 Aristidis
452 2490 556 2538 virtute
577 2486 703 2537 effectum
726 2501 796 2549 esse,
846 2501 889 2537 res
912 2486 946 2534 ab
963 2485 1084 2536 Aristide
1100 2493 1192 2552 gestas
1211 2487 1391 2550 celebrantis,

253 2566 284 2611 ut
296 2559 406 2609 barbari
420 2559 447 2606 in
460 2558 551 2623 iugem
563 2561 795 2606 converterentur.
846 2555 920 2606 aliud
934 2554 1081 2620 Herodoti,
1101 2558 1146 2622 qui
1161 2558 1314 2608 summatim
1327 2561 1390 2606 tun-

255 2631 296 2679 De
314 2627 381 2692 ipsis
406 2628 508 2691 eampis
526 2625 706 2675 Marathoniis
729 2626 796 2674 dixi·
846 2631 904 2676 tum
918 2625 950 2674 de
963 2624 1015 2674 hac
1027 2641 1117 2690 pugna
1130 2627 1224 2677 retulit
1237 2643 1286 2677 nee
1297 2627 1391 2691 singu·

256 2696 427 2755 musadVl,
446 2695 507 2754 1023
527 2694 662 2758 adipsum
681 2695 796 2745 locutio·
845 2695 931 2745 lorum
957 2695 1082 2746 facinora
1104 2701 1227 2760 enarrat,
1251 2712 1332 2746 unum
1359 2699 1389 2745 in

255 2783 315 2816 nem
331 2756 361 2812 έν
376 2763 542 2826 Μαραθῶνι
556 2764 675 2813 conierri
687 2779 795 2829 quoque
845 2765 1022 2829 sequentibus
1050 2765 1245 2817 Callimachum
1271 2781 1391 2816 comme-

255 2838 383 2900 possunt,
394 2849 462 2897 quae
474 2833 507 2880 ad
518 2833 649 2882 Isocratis
660 2834 792 2898 Panegyr.

255 2903 280 2965 ὅ.
300 2902 333 2952 70
350 2902 502 2965 disputavit
522 2901 680 2950 Baenmiein
706 2901 796 2965 (Com-

256 2975 361 3022 mentar
378 2985 425 3020 zur
444 2969 552 3021 Griech.
566 2971 795 3021 Cbrestomatlrie.

255 3041 277 3091 Ι.
297 3041 442 3090 Isocrates.
464 3039 611 3103 Stuttgart.
631 3039 708 3104 1837)
732 3057 795 3106 pag.

258 3111 306 3162 197
326 3126 402 3176 seqq.
421 3137 456 3146 -
481 3109 513 3158 In
539 3124 615 3186 seqq.
636 3109 720 3160 verba
747 3105 795 3160 aui

256 3173 393 3246 ῥήξαντες
405 3169 525 3228 έὸέαιιιον
538 3170 565 3235 ές
577 3193 630 3243 την
642 3173 795 3243 μεσόγαιαν

256 3252 297 3301 sie
309 3248 445 3316 intelligor
463 3248 574 3299 barbari
587 3254 667 3313 rupta
678 3250 795 3301 Graeco-

256 3336 314 3370 rum
334 3320 421 3370 media
443 3320 504 3369 acie
524 3319 629 3384 insequi
650 3325 796 3384 coeperunt

257 3391 376 3440 Graecos
390 3389 526 3455 fugientes
543 3390 701 3452 introrsum,
715 3389 797 3439 medi·

257 3466 384 3510 terranea
403 3460 464 3511 loca
484 3475 591 3511 wreus.
629 3461 750 3524 Namque
769 3448 797 3516 ές

256 3530 282 3579 h.
298 3527 315 3578 l.
329 3527 415 3579 valet:
439 3528 528 3590 „norb
550 3530 603 3578 dem
624 3529 798 3578 Binnenirmds

256 3600 309 3654 irin,
319 3599 344 3646 iu
356 3599 573 3648 darBinneniand
583 3599 673 3660 irinein,
686 3600 798 3649 lundein-

258 3668 366 3728 rnirta,“
380 3673 409 3716 ut
420 3675 493 3718 reete
506 3673 668 3719 monuerunt
678 3669 799 3719 Wester·

259 3751 373 3788 manuus
386 3735 512 3800 (Jabrbb.
526 3738 543 3786 i.
553 3737 647 3790 Plrilol.
660 3737 799 3788 u.Paeda·

258 3823 319 3873 gog.
340 3806 464 3859 XXXVI.
483 3821 509 3870 p.
532 3805 592 3870 lit)
610 3811 638 3858 et
651 3805 798 3872 Itangabe':

259 3874 413 3940 Antiquitds
431 3873 566 3940 Hclleniq.
585 3891 647 3942 pag.
660 3879 726 3940 422,
752 3877 799 3941 qui

259 3945 363 3998 reddit:
376 3960 434 3995 vers
443 3947 580 3994 i'interiear
589 3946 634 3996 des
645 3953 740 4002 terres:
752 3961 798 3996 ne·

262 4031 325 4084 que,
342 4021 372 4066 ut
386 4013 449 4065 olim
462 4013 573 4078 Pinlsy:
598 4031 674 4081 ιιιριιι
692 4018 729 4065 ad
742 4016 799 4066 Με-

260 4102 389 4151 sopaeam,
405 4084 451 4149 qui
462 4088 504 4134 est
516 4099 601 4149 pagus
616 4089 744 4149 quattuor
756 4085 800 4134 iti·

261 4157 333 4208 neris
352 4155 425 4206 boris
440 4153 545 4204 distans
564 4171 579 4202 a
594 4157 695 4218 orrnnpis
710 4155 800 4205 Mera·

845 2849 963 2896 morans,
977 2835 1041 2900 quia
1053 2834 1132 2886 huius
1145 2837 1315 2901 potissimum
1326 2851 1390 2885 sen-

844 2905 930 2953 tentis
951 2901 1016 2970 (Vl,
1038 2903 1096 2956 109.
1119 2904 1179 2970 ltu)
1201 2921 1294 2970 pugna
1317 2905 1390 2954 inita

846 2981 888 3023 est
899 2975 934 3022 ab
942 2973 1161 3028 Atheniensibus.
1172 3001 1205 3012 —
1219 2975 1307 3025 Verba
1322 2987 1389 3023 σον.

846 3035 999 3106 αγαγόντες
1010 3038 1045 3092 τὰ
1056 3037 1138 3108 κέρεα
1151 3037 1299 3109 ἀμφότερα
1315 3043 1389 3108 (oon-

847 3114 920 3164 rlario
938 3119 1042 3180 atroque
1056 3113 1146 3180 cornu)
1165 3115 1211 3163 rix
1230 3115 1269 3164 ita
1289 3113 1390 3164 intelli·

845 3182 933 3248 genda
956 3187 1050 3246 erunt,
1081 3189 1112 3232 ut
1134 3187 1276 3250 utrumque
1302 3197 1389 3233 cornu

846 3267 928 3301 unam
940 3254 1026 3302 erdem
1038 3255 1209 3304 coniunctam
1221 3254 1389 3304 formaverit.

845 3320 893 3372 sed
904 3337 963 3372 eum
974 3325 1001 3372 in
1013 3323 1119 3373 modum
1132 3325 1234 3388 potius,
1247 3328 1277 3374 ut
1287 3327 1388 3373 utrum-

847 3407 899 3457 que
913 3407 995 3442 cornu
1009 3393 1043 3443 ab
1057 3393 1181 3444 hostibus
1193 3391 1389 3458 persequendis

847 3477 972 3512 aversum
988 3478 1019 3513 eo
1037 3478 1066 3513 se
1083 3465 1263 3526 converterit,
1286 3478 1338 3528 quo
1358 3463 1387 3510 in

846 3531 936 3580 media
949 3532 1008 3582 acie
1026 3537 1173 3598 pugnatum
1189 3537 1244 3596 est,
1268 3533 1336 3582 adeo
1356 3537 1389 3581 ut

847 3602 935 3664 copiis
950 3602 1090 3668 utriusque
1105 3617 1202 3654 cornus
1216 3618 1310 3654 versus
1323 3617 1389 3652 enn-

847 3669 907 3720 dem
929 3671 1033 3722 mediae
1059 3673 1128 3724 aciei
1151 3671 1240 3722 locum
1261 3672 1388 3736 utrinque

848 3741 989 3790 conductis
1003 3739 1117 3792 Graecis
1132 3741 1320 3792 laborantibus
1331 3757 1392 3791 sne-

849 3815 988 3859 currerent
1003 3811 1155 3876 Persasque
1171 3813 1325 3863 coniunctis
1343 3827 1391 3861 co-

848 3879 901 3942 piis
928 3878 1110 3931 adorirentur.
1152 3880 1229 3935 Coni.
1255 3883 1393 3932 turissen-

849 3949 918 4020 born
935 3949 979 3998 in:
1004 3951 1065 4000 Jen.
1081 3951 1145 4000 Litt.
1164 3952 1289 4016 Zeitung.
1313 3949 1389 4002 1843.

850 4033 877 4082 p.
891 4016 950 4068 876.
979 4019 1047 4070 Vide
1066 4020 1290 4085 delineationem,
1309 4033 1390 4085 quum

851 4087 972 4138 exhibuit
1001 4088 1072 4142 Gall.
1103 4090 1152 4140 in:
1190 4091 1268 4141 Atlas
1299 4093 1392 4140 conte-

850 4163 917 4207 nent
936 4155 974 4208 les
1002 4163 1092 4208 cartes
1114 4159 1221 4210 relatils
1249 4157 1310 4209 ela
1327 4158 1391 4224 geo·

262 4227 378 4286 thoniis3
394 4224 447 4277 vid.
462 4239 524 4290 pag.
534 4225 568 4274 27
581 4227 609 4273 et
621 4239 690 4289 qnae
702 4229 799 4275 contre
849 4226 961 4292 graphie
973 4227 1150 4290 d’Herodote,
1165 4229 1325 4293 Thucydide
1337 4233 1390 4279 etc.

260 4297 331 4347 hunc
349 4297 386 4346 ibi
403 4298 565 4345 monuerunt
580 4295 658 4344 Roas.
680 4302 707 4344 et
723 4293 799 4344 noe·
851 4295 949 4348 'Fabul
969 4299 1010 4348 24.
1048 4299 1101 4348 Pro
1118 4292 1226 4348 αότέαν
1246 4313 1308 4348 τοοκ
1329 4297 1392 4348 dedi

261 4381 340 4414 mann
357 4382 381 4429 p.
395 4367 428 4416 ¹27
440 4381 496 4430 seq.
510 4369 537 4414 et
547 4365 590 4417 54.
615 4365 712 4430 Itaque
726 4363 798 4414 hand
849 4360 953 4416 αὐτῶν.

259 4435 357 4500 scripsi
365 4427 541 4499 Μεσόγαιαν,
554 4433 602 4484 sed
614 4432 710 4499 reliqui
719 4425 798 4498 μεσό-
883 4432 941 4500 πῦρ
961 4449 990 4484 τε
1009 4431 1114 4499 αἴτιον]
1133 4415 1391 4501 ὃοοοιεὶςὶιοεοέετο
