2986 5014
214 311 275 372 700
644 310 909 372 HERODOTI

214 482 404 574 priorisse,
423 481 554 554 ἅπαντα
574 480 682 572 ἀπέβη
703 479 802 552 οὕτω.
837 487 903 552 νῦν
917 485 957 552 da'
969 511 1024 573 μοι
1038 483 1128 569 εἰπὲ,
1150 481 1247 554 κόσοι
1260 487 1365 564 τινές

216 595 280 659 εἰσι
303 594 337 658 οἱ
355 589 465 658 λοιποὶ
478 588 754 676 Λακεδαιμόνιοι,
781 587 987 656 καὶτούτων
1009 583 1123 657 ὁκόσοι
1140 593 1288 656 τοιοῦτοι
1313 586 1365 656 τὰ

216 695 372 780 πολέμια,
395 701 461 762 eise
482 693 538 760 καὶ
557 688 712 772 ἅπαντες.
751 687 787 759 Ὁ
808 687 838 760 d’
856 689 948 760 εἶπε·
977 683 1017 759 Ὠ
1037 697 1194 779 βασιλεῦ,
1216 697 1364 779 πλῆθος

216 799 278 887 μὲν
300 796 436 866 πάντων
456 800 524 866 τεόν
537 801 815 884 Λακεδαιμονίων
837 792 977 881 πολλόν,
999 797 1056 864 καὶ
1075 794 1190 874 πόλιες
1208 803 1360 864 πολλαί·

216 900 254 971 τὸ
282 901 319 970 δὲ
339 903 452 980 θέλεις
474 903 654 988 ἐκμαθεῖν,
683 899 834 987 εἰδήσεις.
880 897 969 968 ’Ἐστι
999 903 1035 968 ἐν
1055 903 1096 986 τῇ
1117 904 1362 986 Λακεδαίμονι

217 1005 374 1093 Σπάρτη,
390 1004 485 1083 πόλις
498 1001 633 1091 ἀνδρῶν
644 1000 898 1092 ὀκτακισχιλίων
911 1003 1052 1090 μόλιστό
1066 1024 1124 1090 κη·
1152 993 1246 1072 οὗτοι
1262 999 1359 1072 πιόν-

217 1137 271 1190 τες
292 1110 357 1184 εἰσὶ
376 1105 483 1196 ὁμοῖοι
499 1122 588 1178 ,τοῖσι
608 1105 733 1178 ἐνθάδε
754 1109 1025 1195 μαχεσαμένοισι·
1059 1112 1092 1176 οἳ
1110 1134 1150 1193 με.
1167 1107 1230 1195 μὲν
1252 1103 1357 1178 ἄλλοι

218 1313 304 1362 banos
323 1325 356 1360 ac
375 1301 551 1358 Plataeenses
572 1306 633 1356 inde
657 1309 755 1374 repetit
805 1308 889 1360 etiam
900 1310 928 1357 in
941 1321 984 1371 co,
997 1307 1067 1372 quod
1078 1305 1235 1358 Herodotus
1247 1322 1298 1371 pro
1309 1325 1359 1359 ao·

219 1383 251 1433 C.
261 1383 293 1432 0.
304 1378 428 1430 Mueller:
444 1376 605 1426 Orchomeu.
620 1393 683 1443 pag.
693 1379 755 1440 413,
805 1395 857 1428 cem
868 1377 977 1428 milibus
987 1381 1092 1428 tantum
1102 1386 1157 1426 octo
1168 1375 1245 1426 milia
1256 1377 1358 1441 posuit

218 1453 289 1517 quod
309 1455 414 1500 mature
439 1463 455 1496 a
476 1447 587 1498 Boeotis
611 1463 756 1512 eorumque
805 1449 919 1509 civium,
943 1447 1061 1512 vestigia
1081 1445 1209 1495 diminuti
1228 1446 1285 1496 iam
1300 1445 1357 1495 illa

218 1521 342 1580 foedere,
355 1518 399 1568 oni
411 1516 519 1567 Thebae
533 1523 689 1583 praeerant,
704 1518 757 1568 dis·
807 1523 899 1570 aetate
915 1519 1019 1567 numeri
1034 1517 1135 1566 civium
1149 1515 1357 1580 Spartanorum

217 1595 359 1642 cesserant
372 1585 556 1638 Plataeenses.
807 1603 954 1653 agnoscere
969 1585 1041 1636 haud
1053 1599 1162 1650 possum
1178 1601 1270 1650 neque
1288 1586 1357 1636 inde

598 1665 600 1668 '
807 1659 937 1709 assentiri
945 1655 1181 1720 Muellero(Dorer
1191 1655 1267 1718 ll.p.
1278 1655 1355 1718 lilt'r),

808 1743 891 1792 „cum
905 1725 1000 1791 (verba
1014 1731 1080 1776 sunt
1091 1723 1122 1774 0.
1137 1725 1184 1776 Fr.
1195 1725 1357 1774 Hermauni

805 1799 824 1852 l.
839 1797 857 1848 Ι.
869 1813 930 1862 pag.
941 1794 1004 1860 200)
1019 1793 1139 1860 aliquam
1153 1809 1262 1858 semper
1273 1809 1358 1857 agro-

806 1883 865 1918 rum
877 1870 982 1932 partem
992 1864 1035 1916 rel
1044 1865 1080 1914 ad
1091 1863 1247 1929 impuberes
1258 1863 1303 1913 vel
1316 1863 1356 1913 ad

361 1759 427 1810 Car.
448 1759 617 1810 CCXXXIV.

252 1856 286 1916 τὰ
303 1856 434 1928 πολέμια]
453 1861 538 1922 Plano
555 1862 596 1913 sic
609 1864 677 1924 vlt,
694 1862 755 1914 238.

218 1936 280 1987 Vid.
295 1939 364 1985 nott.
377 1933 411 1984 ad
426 1933 483 1996 ΙΙΙ,
499 1935 524 1984 4.
563 1933 596 1984 In
614 1949 687 2000 seqq.
707 1947 756 1998 pro

218 2005 292 2070 vulg.
304 1997 397 2060 πόλις
414 2002 478 2053 dedi
489 1995 608 2067 πόλιες,
620 2003 675 2054 vid.
686 2006 755 2052 nott.

219 2075 254 2125 ad
265 2075 328 2138 VII,
341 2074 382 2123 22.
394 2073 457 2131 123;
477 2073 548 2124 idern·
558 2073 611 2122 ieci
621 2088 681 2122 mox
693 2087 757 2138 cap.

219 2145 270 2198 2³5
279 2145 322 2194 lin.
345 2143 399 2194 Pro
410 2133 581 2206 inpendisse
594 2141 756 2193 eSancrciti

219 2215 289 2265 libro
297 2213 387 2279 recepi
395 2202 561 2272 ἐκμαθεῖν,
575 2212 630 2264 vid.
639 2211 757 2263 Brcdov.

219 2301 245 2350 p.
260 2285 326 2344 3253
345 2283 378 2334 de
397 2284 483 2332 forma
500 2283 597 2332 louicu
617 2281 704 2331 iuturi
722 2275 759 2329 ελ-

219 2347 315 2418 δόσεις
330 2353 385 2405 vid.
398 2353 511 2403 eundern
526 2351 640 2403 Bredov.
655 2367 682 2416 p.
696 2351 756 2403 412.

253 2416 336 2481 πόλις
349 2413 466 2480 ἀνδροῖν
480 2415 693 2486 ὀκτακισχιλίων
706 2414 758 2484 μαί-

219 2485 298 2544 λισιό
310 2490 357 2558 κη]
377 2491 464 2542 Affers
478 2489 606 2543 Eustatb.
620 2491 655 2542 ad
671 2490 714 2541 Ili.
732 2507 757 2554 p.

219 2565 280 2625 204,
295 2565 328 2614 27
341 2580 363 2615 s.
379 2563 442 2621 222,
455 2565 497 2612 47.
523 2563 609 2624 Quem
622 2577 686 2612 vero
699 2560 724 2610 h.
739 2559 758 2610 l.

219 2635 243 2685 N
246 2639 320 2685 ostar
327 2632 419 2699 prodit
427 2647 566 2682 numerum
577 2630 686 2693 civium,
697 2645 759 2681 enm

220 2717 378 2754 aserenon
395 2701 476 2767 longe
488 2703 599 2763 abesse,
618 2701 681 2751 inda
698 2702 759 2751 iure

220 2772 286 2824 rnihi
304 2773 433 2838 colligere
451 2788 532 2838 posse
548 2772 656 2833 videor,
677 2769 759 2835 quod,

219 2843 455 2903 viothesscuid,
476 2855 621 2907 aequarum
639 2841 759 2889 cronium

219 2915 416 2979 Spartanorum
432 2912 544 2962 sortium
557 2911 641 2960 inisse
652 2908 759 2974 accepi-

218 2999 279 3034 mus
302 2981 369 3046 (vid.
394 2978 532 3030 Plutarch.
560 2979 616 3028 Vit.
640 2979 757 3042 Lycurg.

219 3069 279 3116 cap.
297 3051 325 3114 8)
345 3065 428 3100 norem
448 3049 529 3108 milia,
554 3047 582 3096 iu
607 3061 675 3112 quas
696 3047 757 3098 scil.

219 3121 305 3173 omnis
317 3125 389 3169 esset
399 3119 489 3168 divisa
501 3123 588 3174 λεπτος
606 3131 667 3167 cum
676 3121 758 3168 antea

219 3191 297 3241 modo
310 3205 360 3239 sem
369 3191 435 3240 milia
446 3187 519 3250 sire,
534 3193 564 3239 ut
575 3186 623 3238 alii
636 3188 757 3250 tradunt,

218 3267 336 3327 qadduor
367 3261 447 3322 milis,
475 3264 503 3308 et
530 3259 602 3324 quod
626 3259 757 3322 excurrit,

218 3329 335 3381 luissent
353 3333 467 3380 sortium
489 3327 573 3393 (coni.
588 3327 618 3378 0.
630 3328 675 3378 rr.
690 3329 759 3379 Her-

218 3413 314 3449 mann:
332 3398 440 3450 Griech.
454 3397 658 3452 Staatsalterth.
672 3397 697 3461 ᾗ.
712 3398 756 3448 28.

217 3467 307 3520 nctd
325 3473 353 3517 et
372 3472 396 3532 ς.
413 3469 457 3520 31.
476 3473 532 3520 not.
552 3468 595 3534 5);
616 3483 703 3534 usque
721 3467 755 3516 ab

218 3539 261 3590 his
273 3539 391 3589 numeris
405 3539 549 3590 admodum
564 3541 649 3591 distat
661 3538 756 3602 opinor

217 3606 377 3660 Aristoteles
391 3608 486 3673 (Polit.
498 3610 536 3673 11,
548 3612 575 3674 e,
590 3608 647 3676 12),
664 3607 708 3672 qui
722 3605 755 3656 de

219 3681 302 3731 decem
314 3678 421 3730 milibus
437 3678 635 3744 Spartanorum
654 3678 683 3726 iu
695 3677 755 3727 uni·

217 3763 325 3801 versum
333 3747 466 3815 loquitur:
476 3749 523 3799 vix
532 3750 603 3799 enim
610 3761 709 3813 magna
718 3749 756 3796 in·

218 3825 260 3872 ter
272 3819 321 3871 hos
331 3833 454 3870 numeros
468 3820 584 3869 exsistet
593 3817 755 3880 differentia,

219 3893 244 3940 si
261 3889 310 3941 hos
322 3889 396 3955 ipson
413 3901 536 3940 numeros
552 3889 580 3938 in
599 3887 755 3938 universum

219 3963 307 4026 magis
320 3964 441 4025 sumptos
454 3973 535 4024 quam
549 3961 680 4007 accurata
694 3971 756 4022 sup·

219 4025 756 4096 putationesffectosexsistimamus(vid.

218 4101 329 4165 Zumpt:
347 4100 437 4151 Ueber
455 4097 482 4147 d.
497 4096 583 4147 Stand
602 4097 650 4147 der
660 4096 757 4147 Berdl-

219 4169 324 4238 keruug
337 4170 366 4218 in
378 4165 574 4220 Grieolrenlnud
585 4179 610 4215 u.
627 4167 705 4228 Rom,
715 4167 756 4218 in:

218 4238 398 4290 Denlrschriit
408 4237 433 4290 d.
442 4235 542 4286 Berlin.
550 4236 680 4286 Alsadem.
691 4249 755 4292 anu,

220 4307 296 4359 1840.
310 4322 370 4372 pag.
381 4310 396 4358 4
407 4321 462 4372 seq.
473 4311 501 4357 at
512 4307 542 4357 C.
552 4307 598 4359 Fr.
604 4307 755 4357 Hermann:

218 4377 330 4442 Antiqq.
355 4379 475 4428 Laccun.
498 4393 562 4448 pag.
581 4375 641 4440 02)ι
671 4389 756 4440 quara

806 1936 887 1988 orbos
902 1935 1028 1986 devenire
1040 1947 1151 1984 necesse
1163 1939 1248 1996 esset,
1264 1931 1357 1982 liero-

806 2005 886 2056 dotus
898 2011 989 2056 autern
999 2003 1032 2054 dc
1041 2005 1076 2055 iis
1088 2008 1205 2064 tautum,
1214 2003 1264 2068 qui
1275 2018 1354 2052 arma

806 2079 946 2142 gererent,
959 2074 1066 2125 locutus
1079 2073 1148 2123 sit.“
1175 2072 1213 2122 Et
1225 2073 1290 2137 quis
1307 2089 1356 2122 ne-

806 2161 871 2212 gare
883 2145 1000 2211 poterit,
1015 2142 1208 2209 perducentes
1225 2143 1291 2192 illos
1306 2158 1356 2192 an-

807 2231 872 2278 nos,
893 2215 940 2280 qui
959 2213 1022 2264 inde
1040 2213 1076 2262 ab
1090 2211 1138 2262 illa
1152 2212 1357 2263 distributione

807 2301 891 2351 usque
911 2284 946 2333 ad
959 2283 1030 2334 bella
1042 2283 1153 2334 Persica
1167 2281 1357 2348 praeterlapsi

807 2360 879 2416 snut,
894 2353 995 2404 nullam
1005 2355 1034 2402 in
1045 2351 1158 2417 singulis
1168 2351 1286 2402 familiis
1297 2367 1358 2402 uu·

807 2427 939 2475 tationem
957 2423 1117 2474 exstitisse?
1143 2436 1260 2486 quarum
1281 2422 1355 2472 alias

807 2496 973 2551 exstinctas,
985 2493 1056 2543 alias
1068 2495 1164 2542 auctas
1177 2491 1247 2542 adeo
1264 2491 1354 2544 fuisse

807 2569 1019 2615 consentaneum
1029 2567 1085 2621 sst;
1104 2577 1191 2626 neque
1200 2577 1271 2612 saue
1281 2577 1353 2627 opus

808 2635 860 2683 erit
867 2640 991 2685 statuere
999 2648 1059 2683 cum
1067 2630 1255 2682 Lachmanno:
1265 2631 1352 2696 Spar-

808 2709 864 2756 tan.
880 2703 1089 2755 Staatsverfass.
1106 2717 1132 2766 p.
1143 2699 1204 2760 293,
1221 2701 1352 2754 Persice

807 2787 864 2824 rum
878 2773 1009 2823 bellorum
1022 2771 1188 2836 temporibus
1204 2771 1259 2820 iam
1275 2773 1353 2823 mille

808 2843 905 2895 saltem
920 2842 1013 2892 domos
1025 2843 1223 2906 Spartanorum
1235 2857 1354 2906 prorsus

807 2913 892 2963 inisse
904 2915 1069 2973 exstinctae,
1084 2911 1109 2961 si
1118 2911 1224 2975 quidem
1236 2913 1352 2976 perduc

807 2983 855 3034 illa
874 2981 984 3033 saecula
996 2981 1191 3046 Spartanorum
1203 2981 1351 3033 civitatem

806 3051 873 3103 nihil
883 3051 1056 3108 decrementi.
1068 3049 1116 3100 sed
1129 3049 1243 3100 multum
1259 3053 1353 3104 incre·

807 3122 891 3174 menti
907 3122 1012 3187 cepisse
1029 3135 1116 3186 neque
1136 3121 1241 3170 viribus
1263 3131 1351 3188 atque

807 3190 1351 3313 tritri“ttttrittisttirr
1392 3213 1398 3224 '

807 3331 990 3396 respiciuntur
1003 3346 1070 3382 sane
1084 3347 1116 3382 ea
1130 3335 1268 3396 tempora,
1289 3334 1350 3398 qui-

806 3402 856 3451 bus
873 3401 988 3452 maxime
1000 3401 1134 3451 florebant
1146 3399 1348 3465 Spartanorum

805 3486 864 3529 τοις
883 3470 1020 3536 simulque
1032 3470 1114 3520 etiam
1130 3471 1199 3520 bene
1212 3469 1277 3521 hinc
1292 3471 1349 3521 elu-

805 3546 849 3590 cet
859 3540 1014 3601 discrimen,
1025 3539 1097 3605 quod
1108 3539 1170 3590 olim
1182 3539 1254 3592 inter
1263 3539 1349 3605 Spar-

806 3615 887 3660 tanos
905 3615 987 3676 atque
1003 3610 1237 3662 Lacedaemonios
1254 3609 1347 3672 inerit,

805 3681 853 3747 qui
866 3696 931 3732 sane
944 3681 1026 3731 iidem
1041 3685 1105 3730 suut
1120 3684 1203 3744 atque
1217 3679 1348 3743 perioeci,

806 3755 896 3802 terrae
905 3750 1072 3813 Laconicae,
1089 3750 1112 3800 si
1121 3750 1156 3799 ab
1165 3751 1226 3814 ipsa
1236 3749 1346 3813 Sparta,

806 3835 887 3886 quam
898 3817 1070 3887 περιῴκουν,
1084 3819 1259 3884 discesseris,
1271 3821 1348 3870 inco-

805 3891 850 3942 lae
865 3891 986 3956 ipsisque
999 3889 1142 3956 Spartanis
1157 3888 1266 3940 Derieis
1280 3891 1346 3940 sub-

806 3961 866 4012 diti.
894 3959 972 4012 Ocni.
993 3960 1063 4011 idem
1081 3959 1110 4010 0.
1130 3960 1177 4009 Fr.
1190 3958 1346 4009 Hermann:

806 4029 912 4082 Griselr.
927 4029 1131 4081 Staatsaltertlr.
1142 4033 1167 4093 ἕ.
1179 4027 1223 4082 28.
1238 4029 1278 4080 10.
1303 4031 1346 4081 lix

806 4101 947 4151 Herodoto
968 4101 1027 4151 sid.
1049 4100 1219 4165 potissimum
1238 4099 1292 4162 lx,
1314 4101 1344 4152 ll

807 4169 911 4236 (ibique
921 4169 1004 4234 nott.)
1015 4175 1042 4220 et
1054 4171 1103 4228 lx.
1114 4170 1149 4222 70
1160 4168 1205 4218 fin.
1215 4204 1222 4230 ,
1233 4169 1280 4219 ubi
1290 4171 1346 4219 Λα·

807 4235 997 4306 κεδαιμονίων
1017 4237 1074 4290 τῶν
1089 4233 1118 4289 ἐκ
1135 4232 1270 4302 Σπάρτης
1291 4253 1345 4290 me·

807 4311 896 4374 minlt,
909 4310 929 4371 i,
939 4325 963 4363 s.
977 4313 1085 4372 ipsorum
1093 4308 1286 4373 Spartanorum.
1313 4309 1345 4360 ln

807 4395 883 4446 seqq.
895 4394 955 4431 cum
970 4379 1134 4444 selesige,
1156 4377 1259 4441 (laist,
1275 4379 1345 4431 ler·
