2958 5010
449 399 727 462 POLYMNIA.
751 400 822 462 VII.
850 411 907 465 161.
931 410 988 464 102.
1222 401 1279 462 691

2 608 8 622 .
55 583 57 588 ’
149 582 266 664 χίστην
279 571 387 644 ὀπίσω
401 570 690 661 ἀπαλλασσόμενοι
705 577 759 643 καὶ
773 571 990 661 ἀγγέλλοντες
1005 601 1045 662 τῃ
1061 568 1211 660 Ἑλλάδι,
1232 571 1283 643 ὅτι

150 683 187 748 ἐκ
209 684 269 747 τοῦ
291 681 449 746 ἐνιαυτοῦ
469 676 505 746 ed
526 683 586 765 ἔαρ
606 675 693 766 αὐτῇ
714 681 936 766 ἐξαραίρηται.
986 669 1092 759 Οὗτος
1112 679 1149 747 δὲ
1168 674 1186 747 ὁ
1207 679 1283 757 νόος

150 787 250 851 τοῦδε
271 786 331 850 τοῦ
352 780 509 870 ῥήματος,
535 779 572 850 cd
600 781 712 850 ἐθέλει
734 785 862 868 λέγειν·
890 787 975 868 δῆλα
1002 778 1084 870 γάρ,
1111 778 1154 861 ὥς
1180 785 1216 850 ἐν
1236 787 1283 875 τῷ

151 981 230 1034 huius
246 981 323 1032 verbi
340 985 479 1046 potestate
501 981 627 1046 exposuit
644 997 691 1030 uo·

151 1047 228 1102 tinto
247 1050 429 1102 Valckenario
452 1051 553 1102 Kuster
579 1049 614 1100 ed
632 1051 692 1100 sri-

152 1121 241 1186 stoph.
266 1121 336 1171 Rau.
361 1120 424 1170 1251
454 1120 515 1169 coll.
542 1119 642 1184 Sclrell.
664 1121 691 1168 in

151 1189 264 1242 Aristid.
284 1206 348 1256 pcg.
368 1188 418 1240 100
439 1189 480 1239 ed.
499 1189 642 1241 Frommel.
658 1217 692 1227 -

150 1259 240 1310 Verbs
253 1263 375 1324 proxime
395 1274 468 1324 seqq.
489 1253 541 1308 oris
559 1249 595 1307 άν
615 1252 693 1322 φθά-

152 1342 226 1378 νοιτε
245 1355 280 1366 -
294 1322 538 1392 ἀπαλλασσόμενοι
560 1327 694 1392 Schweig-

151 1400 299 1450 hsenserus
314 1402 343 1448 in
355 1399 451 1452 Lexic.
461 1397 563 1448 Herod.
576 1399 613 1448 11.
627 1413 691 1463 pag.

151 1469 202 1520 ³56
217 1474 245 1519 et
257 1468 384 1519 Kuehucr
396 1467 442 1518 Gr.
457 1467 504 1517 Gr.
519 1471 542 1530 ᾖ.
559 1467 618 1518 ott.
634 1474 692 1516 not.

152 1537 241 1602 2(nbi
262 1538 294 1589 de
313 1541 451 1587 structura
469 1537 546 1588 verbi
566 1533 693 1598 φθάνειν

152 1609 272 1668 monuit,
299 1623 331 1657 ex
356 1621 410 1672 qne
429 1607 522 1657 addito
546 1607 692 1672 participio

152 1677 240 1728 velet:
259 1678 329 1726 trimis
342 1679 390 1726 cito
404 1677 500 1744 aliquid
509 1677 608 1739 facere,
622 1677 693 1726 uinis

151 1745 305 1814 properare)
316 1745 356 1795 sic
369 1745 561 1796 reddiderunt:
579 1746 602 1796 si
614 1747 692 1810 quoni

153 1818 268 1883 primum
291 1815 429 1878 abieritis,
453 1831 507 1866 uon
534 1816 616 1866 nimis
638 1815 692 1864 cito

153 1885 293 1947 abieritis,
307 1901 361 1935 uon
374 1885 455 1934 nimis
470 1885 693 1950 properaveritis,

153 1957 171 2005 1.
189 1973 212 2008 e.
227 1955 296 2004 nullri
309 1955 455 2017 interpositd
467 1955 550 2016 νιονιλ,
566 1955 694 2018 evestigio

152 2026 208 2075 hinc
223 2025 295 2074 chire
308 2031 439 2075 maturate.
470 2024 571 2089 Attigit
587 2038 695 2088 quoque

154 2099 275 2145 nostrum
287 2093 374 2143 locum
388 2095 455 2145 God.
471 2095 641 2144 Hermeunus
661 2093 694 2142 de

153 2161 695 2228 hacdiceudisormulndisputnnsinhd-

154 2239 253 2284 notstt.
272 2233 307 2283 sd
320 2233 412 2298 Vigcr.
433 2249 459 2297 p.
481 2233 532 2284 705
548 2231 600 2297 (nr.
620 2231 693 2296 204).

153 2305 193 2354 Ac
206 2304 342 2369 pertinent
359 2303 410 2353 huc
422 2317 544 2370 quoqne,
565 2317 634 2367 qune
650 2317 695 2351 ex·

155 2377 231 2422 stunt
244 2373 316 2438 opud
329 2372 469 2422 Plutonem
487 2375 514 2421 in
529 2373 653 2436 Sympos.
666 2386 692 2436 p.

158 2441 236 2493 l85E
248 2435 313 2506 (οὐκ
326 2432 363 2490 ἓν
380 2434 509 2504 φθάνοις
521 2441 623 2504 λέγων,
637 2441 655 2490 i.
669 2456 693 2490 e.

155 2514 300 2580 quantocius
316 2511 408 2577 narra)
428 2517 455 2562 et
469 2512 498 2562 in
511 2510 649 2561 Phaedon.
666 2525 693 2574 p.

156 2583 232 2633 1000
256 2575 322 2646 (οάιι
340 2573 377 2630 άν
391 2573 521 2646 φθάνοις
540 2578 694 2642 περαίνων,

153 2653 171 2704 i.
192 2668 215 2706 e.
236 2654 383 2717 quantocius
403 2659 507 2701 caetera
528 2651 622 2700 exinde
642 2651 696 2698 rol·

152 2721 222 2788 lips),
236 2721 282 2771 ubi
294 2721 355 2771 vide
366 2721 524 2771 Stellheuru.
538 2721 697 2783 etWytlen·

152 2791 280 2841 bachium
294 2790 368 2856 (psg.
383 2789 445 2854 105)
460 2791 539 2856 plura
552 2789 695 2839 efferentes

154 2863 272 2926 itemque
285 2859 428 2912 Heindorf.
447 2860 483 2909 ed
494 2859 600 2912 Pluton.
611 2858 693 2923 Gorg.

154 2947 180 2996 p.
196 2929 244 2980 185
265 2933 293 2979 et
309 2928 431 2978 Elmslci.
450 2930 484 2978 sd
504 2929 625 2994 Euripid.
640 2929 696 2977 He-

155 2999 249 3048 rsclid.
264 2999 323 3046 7²1.
355 2998 396 3047 hd
418 2988 508 3046 ὀπίσω
522 2990 696 3056 ἀπαλλασσό-

743 982 817 1046 „dici
828 985 953 1047 poteret,
963 981 1181 1047 quandoquidem
1189 983 1283 1032 eodem

744 1053 844 1116 „modo
859 1058 914 1101 tres
933 1051 965 1102 de
981 1052 1138 1118 principatu
1151 1052 1283 1103 Grseciae

743 1121 966 1185 „contendebant
980 1127 1089 1185 gentes,
1111 1121 1210 1182 Siculi,
1230 1123 1284 1171 Lu·

742 1191 941 1255 „cedeernouii‚
954 1189 1143 1254 Athenienses,
1155 1207 1209 1257 quo
1219 1193 1284 1242 unni

743 1277 874 1326 „reguum
891 1266 945 1310 tres
959 1265 1064 1310 setstes
1080 1263 1157 1326 qussi
1172 1265 1243 1312 inter
1256 1277 1284 1312 se

745 1331 887 1395 „dividere
898 1329 953 1380 dici
963 1328 1130 1396 poterentl¹‘
1143 1331 1211 1381 Mihi
1221 1332 1284 1381 sim·

744 1401 851 1467 pliciter
861 1399 912 1450 hec
926 1401 1045 1465 irnsgins
1053 1399 1121 1451 Gelo
1130 1401 1283 1466 significare

743 1471 861 1522 voluisse
878 1468 996 1532 videtur,
1018 1469 1148 1534 optimum
1164 1470 1284 1536 quidque

744 1558 758 1591 e
776 1539 892 1591 Graecis
908 1543 1062 1603 exemptum
1081 1555 1154 1602 esse,
1177 1557 1199 1591 s.
1215 1541 1284 1602 opti-

744 1612 794 1660 mis
815 1615 842 1660 et
858 1609 1018 1658 firmissimis
1039 1609 1136 1673 opibus
1154 1625 1175 1658 s.
1197 1610 1284 1672 copiis

745 1679 824 1745 (quus
838 1678 905 1728 Gelo
916 1678 1046 1743 preebere
1059 1677 1190 1744 potuerit)
1203 1679 1285 1728 (irne-

745 1751 814 1801 ciem
828 1748 886 1797 lore
899 1748 1045 1812 privatum.

779 1805 872 1873 Οὗτος
889 1811 919 1866 di
940 1807 954 1866 d
976 1809 1043 1874 νόος
1059 1831 1085 1866 τι.
1105 1831 1128 1865 τ,
1149 1815 1185 1882 λ.]
1207 1818 1284 1867 Heec

742 1888 827 1938 verbe
856 1887 885 1936 iu
917 1886 1041 1936 omnibus
1066 1891 1196 1952 quantum
1227 1889 1284 1938 scio

744 1957 822 2007 codd.
843 1971 912 2020 quse
931 1961 1054 2016 exstant,
1080 1957 1175 2005 merito
1190 1972 1286 2020 suspe-

744 2032 790 2076 ctu
806 2026 908 2075 hebent
922 2025 1117 2088 Wesselingius
1132 2033 1159 2075 et
1171 2026 1286 2076 Valcke-

744 2111 814 2159 σοι,
829 2095 927 2160 quippe
938 2093 1134 2158 interpretandi
1145 2111 1228 2145 csuss
1240 2095 1286 2144 nd·

745 2167 817 2215 iectu
833 2166 859 2213 iu
871 2163 1000 2213 lectorum
1017 2164 1144 2228 gratinus.
1172 2163 1286 2214 Asseusi

745 2238 809 2284 sunt
820 2232 988 2294 Lercherns,
1003 2232 1165 2283 Schselcrus
1179 2240 1206 2282 et
1215 2235 1286 2284 hlet-

744 2304 835 2364 thiue‚
849 2303 928 2353 uncis
942 2302 1008 2352 hsec
1024 2301 1208 2362 includentes,
1227 2304 1286 2368 qui·

744 2377 794 2426 bus
814 2373 900 2422 denuo
920 2371 1071 2421 liberarunt
1090 2368 1238 2438 Schweigh.
1257 2377 1286 2422 et

745 2442 848 2502 (laist,
867 2457 927 2492 cum
949 2441 1018 2491 elius
1040 2456 1146 2508 quoque
1163 2443 1231 2492 telis
1251 2442 1285 2491 ud

746 2513 879 2564 dictorum
899 2511 1065 2576 quorundum
1079 2514 1134 2562 vim
1147 2511 1286 2576 explicen-

745 2583 807 2633 dsrn
827 2587 855 2632 et
878 2579 1067 2631 illustrnndsm
1092 2583 1126 2632 nb
1146 2581 1286 2632 Herodoto

746 2653 923 2714 adiiciuntur,
941 2651 1032 2714 nt1V‚
1049 2651 1103 2701 llll.
1118 2651 1171 2713 Vl,
1187 2652 1230 2701 37.
1241 2651 1285 2701 84.

748 2722 807 2774 138.
841 2721 903 2771 Una
922 2721 1020 2771 vocula
1041 2713 1097 2770 lori
1114 2721 1183 2772 ursle
1203 2719 1287 2770 hehet

746 2789 1044 2855 Schweighaeuserum3
1077 2791 1178 2856 qnippe
1204 2805 1286 2856 quern

745 2861 789 2913 vel
810 2861 872 2910 elici
894 2859 937 2910 vel
957 2861 985 2908 in
1008 2852 1081 2908 εἶναι
1101 2860 1200 2910 mutari
1218 2857 1286 2910 vult.

745 2931 920 2982 Recentiores
947 2929 1064 2982 editores
1089 2930 1198 2994 integre
1222 2930 1288 2981 reti-

746 3005 863 3052 nuerunt
883 2998 950 3050 haec
967 2999 1065 3058 verbs,
1093 3014 1162 3064 quse
1178 3003 1206 3048 et
1228 2999 1288 3062 ipse

154 3081 234 3132 μενοι
250 3067 305 3117 vid.
318 3066 404 3116 sllsts
416 3067 451 3117 nd
465 3069 497 3128 V,
513 3069 556 3117 27.
746 3070 887 3121 retinenda
896 3070 961 3119 dclxi
970 3085 1094 3134 qnscque
1104 3068 1214 3118 retineri
1223 3083 1288 3134 quo·

190 3124 235 3186 dut
249 3125 278 3184 hs
300 3133 351 3184 τοῦ
367 3127 500 3184 ἐνιαυτοῦ
510 3131 542 3186 τὸ
560 3129 608 3198 ἔαρ
623 3129 696 3202 αὐτῇ
747 3157 797 3206 que
811 3140 899 3190 voluit
912 3138 972 3188 Hltn
987 3137 1110 3200 (Jshrbb.
1122 3139 1141 3188 Ι.
1153 3137 1286 3202 Philolog.

155 3195 347 3268 ἐξαραίρηται]
365 3205 504 3254 Firmstur
516 3205 567 3256 hoc
583 3205 695 3256 Periclis
746 3225 773 3258 n.
783 3210 902 3270 Pnedug.
913 3207 1131 3272 Suppl.Vol.1X.
1143 3223 1198 3274 pag
1215 3207 1289 3270 3³2),

157 3276 245 3332 dicto.
265 3275 311 3338 qui
325 3279 394 3324 teste
409 3274 546 3324 Aristotel.
562 3274 654 3324 llhett.
672 3273 694 3334 1,
747 3279 826 3327 unice
842 3283 869 3326 et
886 3275 957 3325 hsurl
973 3277 1029 3326 scio
1045 3291 1080 3324 nn
1097 3276 1153 3327 inre
1168 3276 1287 3326 offensus
1382 3301 1388 3312 =

157 3347 180 3394 7.
197 3343 315 3407 31111,
332 3343 370 3396 10.
391 3347 415 3406 9.
431 3345 445 3394 7
464 3343 491 3392 in
512 3343 618 3393 funebri
637 3358 697 3393 oru-
747 3347 852 3397 verbis:
872 3332 956 3399 οὗτος
974 3336 1036 3392 did
1058 3334 1125 3401 νόος
1141 3343 1224 3394 τοῦδε
1237 3340 1289 3395 τοῦ

156 3416 231 3464 tione
250 3414 291 3463 sio
311 3427 422 3462 exorsus
441 3427 500 3463 esse
520 3413 620 3462 fertur:
644 3405 697 3475 τήν
748 3407 883 3478 ὅήμοτος,
894 3407 925 3461 τὸ
937 3405 1027 3462 ἐθέλει
1037 3405 1136 3476 λέγειν,
1149 3415 1176 3463 in
1190 3415 1288 3480 quibus

157 3481 276 3547 νεότητα
291 3472 320 3530 ἔτι
338 3479 388 3546 τῆς
407 3474 514 3539 πόλεως
532 3474 697 3547 ἀνῃρῆσθαι
748 3484 832 3534 verbu
848 3476 879 3530 td
896 3473 986 3532 ἐθέλει
1003 3477 1092 3544 λέγειν
1110 3482 1222 3534 librario
1241 3483 1288 3533 dc-

157 3543 250 3616 άσπερ
267 3547 299 3601 τὸ
320 3546 369 3614 ἔαρ
393 3542 423 3600 ἐκ
443 3551 494 3600 τοῦ
515 3541 649 3600 ἐνιαυτοῦ
672 3542 699 3598 εί
748 3553 806 3603 beri
822 3557 915 3616 pnlst,
936 3552 1080 3616 quiverbu
1094 3538 1177 3609 οὗτος
1192 3547 1208 3602 d
1221 3548 1289 3610 νόος

156 3615 332 3686 ἐξαιρεθειής
358 3637 428 3688 quae
447 3623 508 3687 ipse
519 3620 650 3673 Periclem
665 3635 697 3669 ex
747 3618 831 3671 τοῦδε
849 3617 901 3670 τοῦ
919 3621 1093 3687 interpretari
1110 3623 1228 3675 voluerit
1246 3623 1288 3672 his

157 3691 297 3743 Herodoto
316 3691 466 3758 sublegisse
481 3690 540 3740 vult
550 3693 648 3740 Wssse
663 3689 698 3739 cd
748 3691 840 3742 verbis
854 3689 977 3754 adiectis,
991 3707 1060 3756 queo
1074 3693 1136 3742 iude
1153 3694 1215 3743 clici
1229 3692 1289 3742 vult

156 3761 279 3825 Thucyd.
300 3761 345 3824 ΙΙ,
363 3761 405 3812 35.
443 3760 643 3812 Valckenarius
662 3758 697 3808 sd
748 3762 791 3810 vir
800 3761 905 3811 doctus.
920 3763 959 3810 Ac
970 3761 1153 3827 mihiquoquc
1163 3765 1210 3814 rix
1221 3777 1289 3812 sunu

156 3831 181 3881 h.
196 3831 213 3881 l.
229 3830 285 3880 eliu
299 3831 431 3896 quaedum
448 3831 542 3893 effert,
557 3831 585 3879 in
601 3829 698 3894 quibus
748 3831 857 3882 videtur
866 3831 997 3881 Herodoti
1008 3834 1111 3882 cretio:
1126 3847 1290 3897 quemqnam

156 3917 201 3950 ner·
226 3899 361 3951 translate
387 3901 522 3966 siguificat
546 3903 698 3962 inventutem,
749 3915 819 3966 quoe
838 3900 976 3951 offendunt
995 3902 1093 3960 verbe,
1115 3917 1147 3951 ex
1166 3917 1213 3958 ce,
1235 3915 1290 3964 qne

156 3971 368 4028 adolescentiam
390 3969 464 4020 conl.
488 3971 575 4023 Cicer.
598 3971 640 4020 De
657 3984 698 4036 τες
749 3971 849 4020 Noster
858 3972 960 4030 utitur,
975 3973 1108 4021 orationis
1122 3969 1290 4019 ubundsutin

157 4043 259 4089 noctut.
274 4039 313 4088 10.
328 4043 352 4102 §.
364 4040 406 4090 70.
434 4040 535 4105 Attigit
548 4055 632 4104 nuper
646 4037 697 4088 Ge·
752 4039 860 4091 ediecte
871 4041 958 4091 videri
968 4046 1107 4104 potcrunt;
1122 4053 1206 4104 quere
1216 4037 1291 4088 nolui

156 4107 227 4158 lonis
253 4108 354 4158 dictum
378 4107 536 4160 Bahhniuen
562 4125 615 4159 ven
647 4107 698 4157 den
750 4111 1071 4170 istucoutinnoeiicere,
1094 4109 1176 4173 probe
1190 4108 1289 4170 sciens,

156 4177 242 4228 Brinlr
260 4177 371 4242 (Verius
384 4179 473 4228 Lectt.
491 4195 524 4229 ex
537 4177 633 4230 histor.
652 4193 701 4226 nn·
749 4179 823 4230 hsud
842 4195 929 4246 peuce
949 4180 976 4228 in
995 4179 1128 4228 Herodoti
1146 4177 1224 4227 libris
1247 4192 1291 4226 ex·

158 4249 208 4312 tiq.
218 4246 699 4314 philosophlsugduuilstev:1842.
751 4255 823 4300 sture
840 4249 962 4311 vulnere,
980 4265 1050 4314 quse
1062 4247 1146 4298 libros
1163 4247 1291 4310 scriptos,

158 4333 220 4382 psg.
233 4315 278 4380 32)
293 4315 374 4382 idque
388 4333 402 4368 e
417 4318 536 4368 ternario
552 4321 700 4383 tempests·
751 4319 845 4384 quales
857 4335 928 4370 nunc.
942 4319 1126 4382 possidemus,
1149 4314 1228 4382 longe
1244 4332 1291 4366 un-

159 4393 215 4436 tnm
228 4401 339 4436 numero
352 4385 485 4452 explicari
498 4403 577 4452 posse
598 4403 656 4438 eum
671 4387 699 4436 in
750 4389 886 4440 tecedeut.
910 4387 1057 4438 Offendunt
1066 4401 1181 4452 quoqne,
1199 4401 1291 4453 quum-

159 4455 266 4506 modum
287 4461 380 4522 putet:
406 4494 423 4522 ‚,
432 4471 484 4524 quo
497 4457 562 4523 quid
576 4457 699 4524 argutius
753 4473 832 4524 quum
842 4457 914 4509 nlius
923 4461 986 4506 sunt
996 4457 1290 4522 generis,verbe,quse

1029 4544 1094 4604 44*
