3054 4972
198 341 260 398 544
635 341 903 403 HERODOTI

175 514 177 518 ’
197 507 283 593 ὕψος
295 508 489 599 ἀνήκουσαν
503 507 602 599 ἀνδρί
616 515 649 592 ἐς
663 511 723 582 τόν
736 511 900 602 ὀμφαλόν.
935 514 1061 600 ταύτην
1082 517 1120 586 δὲ
1135 517 1339 606 ποιήσαντες

197 612 320 694 ἄλλους
335 618 527 701 ἐσεβίβαζον
547 618 579 694 ἐς
593 614 630 684 τὸ
643 622 1002 707 περιοικοδομημένον,
1024 623 1138 708 μέχρις
1151 611 1192 690 οὗ
1206 622 1337 702 πάντας

198 718 305 812 τούτῳ
325 723 371 810 τῷ
391 716 502 810 τράπφ
520 723 760 808 ἐξηρίθμησαν·
792 719 1040 812 ἀριθμήσαντες
1063 725 1100 792 δὲ
1123 722 1206 792 κατά
1228 731 1335 794 ἔθνεα

200 827 384 892 διέτασσον,
1277 893 1285 912 ,

153 943 189 1004 61
278 930 323 994 Oi
335 924 372 994 ll
386 923 643 1012 στρατευόμενοι
664 930 735 995 oi'ds
757 916 859 1014 ήσαν·
891 927 1020 1013 Πέρσαι
1033 927 1096 1016 μὲν
1110 918 1177 997 ὦδε
1190 919 1331 998 ἐσκέυα-

199 1026 337 1118 σμένον·
364 1029 441 1114 περὶ
467 1029 529 1115 μέν
552 1032 626 1116 τῇσι
656 1036 820 1117 κεφαλῇσι
849 1028 940 1116 εἶχον
960 1032 1073 1120 τιάρας
1095 1031 1333 1120 καλεομένους,

199 1197 268 1246 Orto
283 1194 340 1246 solo
354 1193 388 1243 ed
402 1199 509 1244 noctem
523 1195 646 1259 agurius,
668 1196 740 1246 siout
787 1200 922 1258 penetrari
932 1203 1065 1260 poteraut:
1084 1212 1144 1246 oum
1158 1190 1269 1262 άπαγής
1286 1197 1334 1248 de-

199 1266 337 1330 descripte
350 1271 443 1326 eruut«,
458 1266 593 1314 intravere
606 1265 738 1316 rollum.“
789 1267 883 1316 veniet
895 1281 912 1315 s
924 1266 1005 1315 verbo
1018 1255 1077 1329 άγω
1091 1265 1205 1331 ([νιινρο)
1217 1283 1334 1333 μετεμο-

198 1339 298 1388 Vooem
310 1327 448 1397 αἱμασιήν
460 1337 584 1386 maceriae
596 1350 617 1384 s.
629 1325 691 1384 rrrrrri
704 1335 739 1383 si·
790 1335 844 1386 sitt
858 1333 958 1384 secuit
977 1324 1050 1395 άπὸ,
1073 1336 1115 1384 rel
1136 1351 1152 1386 s
1174 1337 1256 1386 verbo
1275 1333 1332 1400 πή·
1372 1335 1384 1354 “

198 1403 604 1470 gnifiontioneridimus1,180.
635 1403 704 1454 Add.
714 1405 735 1466 Ι,
788 1419 872 1468 γνομι
887 1419 947 1454 oum
959 1402 1041 1467 sipha
1054 1405 1204 1466 intensive,
1218 1413 1247 1456 ut
1256 1397 1330 1454 άπα-

201 1475 258 1526 190.
277 1474 320 1540 ΙΙ,
340 1474 383 1524 99.
788 1467 839 1536 γῆς
859 1474 933 1538 idern
952 1473 1008 1522 iere
1029 1475 1066 1524 sit
1089 1481 1173 1539 etque
1194 1466 1331 1540 εάπαγής,

788 1543 860 1607 quod
874 1545 959 1606 ipsum
975 1542 1019 1592 hio
1033 1545 1126 1608 reponi
1137 1545 1197 1594 ruit
1209 1545 1331 1595 uerene-

389 1643 445 1694 ΟΜ,
474 1643 536 1693 LXI
788 1627 834 1662 rus
856 1613 1038 1677 interpretans
1065 1613 1130 1674 „des
1149 1613 1253 1665 dorruete
1269 1617 1331 1664 d'nrs

448 1681 455 1695 '
541 1681 546 1692 '
785 1684 870 1744 ferire
881 1689 1006 1744 comperte
1018 1691 1043 1731 el
1053 1681 1108 1732 dier
1119 1685 1223 1732 serre'.“
1252 1684 1329 1735 Idem

240 1746 302 1800 oilie
319 1734 404 1812 ἦσαν]
434 1735 507 1810 ἦσαν
534 1760 594 1796 oum
621 1751 736 1798 recenti.
787 1751 929 1815 placuerat
941 1751 1061 1801 Breunio
1072 1749 1124 1814 (De
1137 1754 1271 1803 vestitum.
1286 1769 1332 1803 ss-

201 1821 261 1874 edd.
276 1818 385 1884 reposui
397 1833 446 1882 pro
458 1810 534 1866 ἔσαν.
562 1817 625 1866 Mox
638 1817 738 1868 Noster
787 1821 903 1871 ner-doti.
913 1821 995 1870 Hebr.
1003 1820 1039 1882 11,
1049 1817 1169 1881 443383.
1180 1837 1244 1887 μορ.
1253 1823 1328 1887 440),

201 1891 313 1955 scripsit
332 1885 414 1949 περὶ
431 1878 493 1949 μὲν
509 1883 572 1950 τῇσι
589 1883 736 1951 κεφαλῇσι,
788 1892 834 1955 qui
854 1881 980 1953 ἀπαγέας
998 1889 1089 1940 reddit
1109 1905 1156 1940 nors
1177 1900 1328 1955 compactos,

199 1969 230 2017 ut
241 1959 303 2022 v11‚
314 1958 357 2009 93.
369 1959 413 2008 94.
423 1957 466 2006 77.
478 1954 520 2006 78.
529 1954 570 2005 79.
585 1956 628 2006 st.
640 1956 683 2008 9Ι.
693 1955 735 2006 92.
787 1975 836 2010 uon
852 1968 997 2020 concretos,
1022 1957 1069 2008 sed
1083 1959 1140 2024 legi
1161 1961 1266 2011 meruit
1285 1956 1331 2009 ed-

199 2038 235 2085 At
253 2022 308 2078 lul
331 2033 462 2092 sequente
484 2026 577 2075 dstiro
599 2025 691 2078 eedem
710 2026 738 2074 in
789 2024 901 2092 παγέας,
917 2032 935 2080 i.
948 2045 971 2080 e.
983 2028 1044 2078 irene
1057 2038 1206 2092 corriperetur,
1222 2031 1327 2088 solidos,

199 2121 228 2155 re
248 2101 286 2161 V,
305 2097 348 2150 49.
365 2097 433 2158 VII,
452 2097 493 2148 70.
513 2097 556 2145 72.
576 2098 616 2144 74.
635 2095 677 2146 ts.
694 2095 737 2146 79.
788 2115 848 2149 num
859 2098 892 2148 de
903 2097 982 2163 pileis
994 2095 1106 2148 militum
1117 2113 1204 2150 serino
1216 2100 1268 2161 sit,
1280 2101 1328 2164 qni

199 2169 297 2226 8402.
328 2165 459 2218 Turoni.
477 2165 738 2231 qusesuprest‚
789 2167 898 2218 exiens
916 2169 1008 2219 eoeoti
1026 2167 1217 2218 essesoiesut.
1250 2169 1328 2218 Bris-

201 2246 232 2296 12
246 2244 274 2289 et
285 2239 318 2300 V,
333 2237 367 2288 49
380 2237 512 2286 adnotate
527 2239 600 2284 sunt.
788 2253 847 2288 snn.
861 2237 901 2286 De
914 2253 971 2301 reg.
982 2239 1055 2290 Pers.
1069 2239 1184 2302 princip.
1197 2239 1226 2299 1,
1238 2239 1272 2290 49
1285 2237 1326 2286 in-

234 2302 310 2373 elxov
323 2302 419 2368 τιάρας
429 2299 625 2368 καλεομένους,
638 2301 738 2361 πίλους
788 2307 886 2372 telligit
906 2310 1002 2365 rurae.
1025 2322 1089 2372 qnae
1101 2309 1164 2369 pilea·
1185 2321 1220 2356 ee
1233 2309 1327 2369 pannis

198 2371 336 2442 ἀπαγέας]
365 2375 446 2425 Haud
467 2375 571 2424 mutsri
593 2365 691 2434 resipere
710 2374 737 2422 in
787 2377 1088 2440 eonpacrieoeaianrnm
1113 2377 1237 2442 Mongen.
1258 2375 1326 2440 (Me-

199 2443 313 2516 τιήρας,
335 2451 366 2494 ut
380 2443 515 2495 nonnullis
535 2443 652 2520 pineum
681 2443 756 2498 vid„
788 2447 866 2497 meir.
885 2445 918 2498 de
935 2446 1046 2497 l'instit.
1066 2445 1113 2495 IV.
1132 2459 1195 2511 pop.
1208 2447 1249 2496 45,
1263 2444 1325 2506 dile

200 2525 269 2571 nott.
284 2517 318 2566 sd
334 2515 386 2574 ΙΙΙ,
404 2515 442 2564 42.
471 2514 510 2563 Ae
526 2527 624 2574 ιιαρας
637 2513 737 2562 Noster
787 2515 890 2564 bourrets
904 2517 935 2566 de
949 2518 1014 2565 laius
1034 2531 1080 2566 rrorr
1092 2515 1177 2577 soulde
1193 2517 1265 2579 qu'iirs
1277 2531 1325 2576 np-

199 2591 269 2640 dixit
285 2583 434 2636 masculino
447 2598 559 2647 genere,
581 2597 640 2631 eum
654 2580 736 2645 rnlgo
782 2587 878 2646 pellent
889 2586 970 2647 tiore,
987 2586 1053 2648 suits
1071 2601 1100 2636 en
1115 2585 1196 2646 forme
1211 2585 1242 2634 de
1257 2592 1325 2647 tour,

199 2661 308 2710 dicetur
326 2645 344 2717 ή
361 2645 452 2712 τιάρα.
486 2651 549 2702 Vid.
570 2656 640 2700 uolt.
661 2650 695 2700 ed
713 2651 737 2712 Ι,
786 2650 894 2716 πίλημα
908 2645 1073 2717 πνργωτόν,
1084 2657 1116 2704 ut
1129 2653 1201 2718 spnd
1212 2653 1325 2704 Strabo·

201 2729 249 2779 132
263 2733 290 2776 et
306 2721 367 2772 edd.
380 2720 501 2771 Fischer.
523 2719 558 2768 sd
571 2719 680 2768 ll'eller.
698 2719 735 2772 11.
786 2737 856 2772 uem.
890 2724 1011 2788 Langius
1029 2725 1174 2775 vernacule
1190 2723 1324 2774 reddidit:

198 2813 260 2864 pag.
278 2793 326 2845 173
337 2805 392 2854 seq.
416 2791 467 2839 Est
480 2803 544 2838 vero
559 2789 628 2836 setis
642 2793 751 2860 notum.
785 2794 915 2856 enpefirzre
927 2794 1010 2856 little,
1032 2792 1152 2844 Schoell:
1174 2793 1325 2856 unpesteisle

197 2867 246 2926 (ct.
263 2869 331 2913 nott.
345 2857 482 2922 ad1‚1³·r.
497 2857 548 2918 ΙΙΙ,
561 2857 620 2920 12),
634 2871 734 2918 τιαραν
786 2861 862 2913 Helle.
890 2863 1021 2926 Equidem
1034 2877 1096 2912 eum
1105 2861 1284 2925 Wesseliugio
1297 2867 1326 2910 et

198 2936 253 2986 dini
267 2931 386 2982 solemne
401 2927 474 2993 spud
484 2927 582 2976 Perses
598 2931 735 2998 tegumen·
784 2930 1040 2996 Schweighaeusero
1061 2931 1151 2982 melius
1172 2931 1325 2994 intelligere

197 3012 253 3054 turn
267 3000 382 3065 cepitis,
397 2997 475 3064 qnsie
487 2995 566 3058 hodie
578 2994 634 3044 iere
643 2995 735 3060 appel·
781 3002 865 3064 pileos
875 3016 924 3051 nou
936 3009 1084 3064 compertos,
1100 3016 1147 3050 nnn
1160 3003 1269 3066 ripeutes
1283 3001 1324 3049 in-

196 3075 256 3124 ient
274 3070 382 3122 Turium.
417 3069 474 3118 Nee
489 3065 613 3115 diversae
630 3066 692 3115 iude
705 3059 737 3115 αἴ
784 3069 871 3134 deque
886 3087 938 3120 non
951 3072 1026 3121 reotd
1036 3075 1144 3121 stentee
1156 3075 1184 3120 et
1196 3071 1223 3120 in
1237 3069 1322 3120 situm

196 3137 362 3210 κυρβασίαι,
387 3151 458 3199 quse
473 3151 557 3201 supro
575 3136 612 3198 V,
632 3134 666 3186 49
687 3136 735 3184 tri·
786 3146 906 3202 erectos,
927 3139 1022 3205 qnelee
1040 3139 1106 3196 solis
1124 3140 1232 3206 regibus
1252 3139 1323 3190 terre

197 3214 314 3264 buuntur
322 3207 421 3260 Persis.
445 3205 498 3257 Sed
509 3205 588 3256 huius
598 3203 663 3270 pilei
673 3221 734 3256 oum
784 3208 871 3270 linuit¹
885 3210 931 3260 sed
943 3213 1071 3260 eurestos
1084 3209 1199 3275 indeque
1212 3209 1240 3258 in
1250 3208 1323 3258 iren-

196 3284 274 3332 vsris
287 3280 370 3330 vsriis
381 3293 429 3342 pro
439 3275 578 3326 ordinibus
589 3283 680 3326 esseut
690 3291 734 3341 ge·
785 3285 838 3328 teru
849 3279 1032 3344 prolabentem,
1040 3283 1071 3328 nt
1080 3279 1106 3328 in
1116 3278 1207 3330 Sehoi.
1218 3278 1253 3328 sd
1263 3279 1323 3328 Ari-

196 3367 271 3413 nem,
283 3349 456 3400 beueNoster
468 3337 735 3402 ιιιΙιΙΙΙπίλουςάπα-
785 3349 874 3412 stoph.
892 3349 940 3398 Ar.
955 3349 1005 3399 487
1025 3348 1137 3413 legitur:
1161 3344 1234 3396 Πᾶσι
1249 3343 1323 3406 Πέρ-

195 3419 269 3486 γέας,
286 3423 304 3471 i.
316 3435 339 3470 e.
350 3420 565 3484 pileosjururros,
578 3431 630 3466 non
644 3421 734 3466 rectos
785 3430 847 3474 σαις
862 3411 927 3482 ἐξῆν
944 3413 995 3482 τὴν
1008 3413 1108 3479 τιάραν
1120 3418 1238 3480 φορεῖν,
1256 3407 1320 3465 ἀλλ’

197 3491 303 3557 (quales
320 3489 445 3538 nimirum
464 3485 515 3537 soli
531 3487 673 3535 Persarum
694 3501 735 3535 rs·
785 3478 837 3535 οὐκ
857 3479 933 3547 ὄρθ’
960 3502 965 3512 ·
994 3481 1086 3550 μόνον
1105 3481 1136 3536 el
1154 3479 1186 3536 ολ
1203 3482 1322 3547 Περσῶν

196 3578 244 3626 ges
255 3555 428 3625 gestabunt),
443 3557 590 3620 interprete
600 3553 733 3604 Sslmesio
785 3551 905 3621 βασιλεῖς
917 3503 1040 3618 ἀχράντο
1053 3585 1083 3594 —
1093 3557 1152 3612 τοῖς
1162 3545 1213 3620 μέν
1225 3545 1321 3612 ἀλλοις

196 3632 231 3681 sd
244 3629 330 3683 Solin.
346 3643 409 3693 μσς.
426 3627 487 3676 392.
518 3625 671 3675 Gronovius
690 3640 734 3676 ex·
784 3621 853 3683 ἔθος
867 3621 914 3674 καί
930 3619 1081 3690 ε’πτυγμέ
1089 3639 1151 3688 νην
1165 3620 1221 3673 καί
1236 3637 1320 3686 προ-

195 3700 402 3764 posuerntpilen
413 3711 460 3745 αοα
472 3697 588 3755 densata,
602 3694 733 3757 probante
783 3687 988 3817 βάλλουσαν
1012 3689 1049 3752 ἐς
1076 3685 1116 3743 τά
1139 3687 1320 3756 μέτωπον

194 3770 389 3833 Wesselingio‚
403 3781 462 3816 oum
474 3759 586 3828 άπαγής
600 3768 734 3827 exprimet
797 3779 866 3830 χειν.
894 3767 950 3818 Neo
962 3765 1043 3816 aliter
1059 3762 1225 3814 intellexisse
1240 3762 1321 3812 rideo

194 3842 448 3902 rrrinr'meromprrlum
463 3839 545 3899 etque
559 3833 601 3883 vel
616 3833 649 3882 sd
664 3833 733 3884 siiss
783 3835 914 3888 Gstsker.
939 3835 1066 3886 Adverso.
1092 3833 1204 3884 miscell.
1230 3831 1320 3898 posth.

195 3926 238 3961 res
252 3908 364 3976 quasvis
376 3907 465 3956 usinus
478 3905 566 3953 iirmes
586 3907 613 3953 et
625 3918 730 3968 compe·
782 3921 842 3970 nup.
863 3907 897 3956 24
914 3908 998 3954 tiaras
1019 3905 1067 3970 qui
1085 3905 1277 3968 interpretetur
1293 3905 1320 3951 r'rr

196 3985 256 4031 etss
277 3991 358 4030 sensu
380 3974 512 4026 translato
532 3971 680 4034 reseretur,
701 3978 732 4023 ut
782 3984 878 4026 αταίαυι
895 3975 990 4039 quidem
1008 3975 1160 4032 desinentes,
1185 3988 1235 4022 neo
1254 3986 1319 4020 vero

195 4048 387 4115 apudGrepor.
395 4043 557 4096 Nunstelit.
566 4043 602 4094 ΙΙ.
610 4060 633 4107 p.
645 4045 652 4093 Ι
663 4041 730 4092 ltu.
781 4055 865 4096 rectas
875 4047 1046 4100 εοιιαίιιειιιετ,
1054 4041 1101 4092 sed
1111 4043 1254 4092 inclinatas.
1267 4041 1319 4090 Tu-

196 4113 611 4180 et122A.Diogen.lssiirt.V11‚
624 4112 732 4162 l.Vulln
781 4114 820 4166 les
833 4129 898 4165 vero
909 4112 995 4178 pileos
1007 4128 1060 4162 uon
1074 4112 1202 4176 rigentes,
1218 4109 1264 4160 seri
1279 4112 1319 4160 iu-

195 4188 350 4238 reddiderst
372 4186 454 4248 pileos
480 4182 679 4246 impenetrabiles
703 4183 731 4230 iu
781 4189 909 4235 enrvstos
926 4188 1034 4248 gesture
1052 4182 1178 4233 videntur
1192 4181 1242 4230 viri
1255 4180 1319 4228 Per-

195 4257 362 4320 eundemque
382 4253 543 4304 seutentiam
560 4251 672 4301 Portus:
691 4255 731 4313 pi·
781 4269 841 4314 sse,
859 4252 952 4320 quoles
967 4255 1207 4317 repraesententur
1224 4251 1250 4300 in
1266 4265 1320 4298 nro·

192 4329 246 4375 leos
259 4341 272 4373 r
287 4327 369 4376 relide
383 4325 488 4373 materia
498 4325 620 4386 firrunque
633 4336 730 4384 rorrpa-
781 4323 916 4374 rrumentis
926 4321 1146 4384 Persepolitunis.
1170 4319 1232 4370 Vid.
1243 4321 1319 4369 Mou-

192 4403 260 4456 τίοι,
289 4398 332 4458 qui
344 4396 400 4446 ideo
421 4409 469 4444 πον
485 4393 564 4456 fariis
580 4391 670 4456 βυαρί
686 4399 731 4440 uret
780 4407 840 4457 gez.
860 4393 877 4442 l.
895 4391 913 4441 Ι.
933 4393 988 4440 inb.
1007 4391 1042 4444 11.
1062 4406 1101 4442 ur.
1123 4391 1161 4440 rt.
1177 4389 1241 4442 seb.
1254 4387 1317 4439 vll.
