3038 4994
215 343 275 408 298
647 341 912 405 HERODOTI

213 517 268 590 unt
289 519 326 587 ἑυ
350 531 436 586 τοῖσι
463 511 568 603 nipedes
587 521 669 585 πᾶσι
693 521 873 606 προεδρίας
895 517 1098 606 ἐξαιρέτους·
1135 515 1191 584 καὶ
1212 517 1343 605 προξεί-

212 647 293 702 νους
311 618 555 730 ἆποδειιρυύναι
569 619 715 690 τούτοισι
729 631 950 736 προσκείσθαι
967 618 1045 702 τούς
1064 613 1107 690 διν
1120 620 1263 689 ἐθέλωσι
1276 624 1345 688 τῶν
1400 697 1405 708 .

211 804 277 840 vero
296 787 384 854 qualis
402 791 557 853 quantaque
578 785 661 836 suerit
683 801 756 837 men·
806 785 885 840 Cani.
897 787 996 837 Meier:
1007 788 1048 838 Dc
1060 787 1191 852 proxenia
1203 802 1229 850 p.
1240 785 1282 848 17,
1292 785 1343 835 Pe·
1366 829 1370 840 .

213 873 293 920 sura,
304 859 351 908 vix
362 857 476 908 dheris:
495 857 639 907 Laconicae
649 871 754 906 meneu—
805 861 895 907 terren
911 856 946 906 ad
964 855 1082 908 Phaedri
1093 857 1202 920 Epicur.
1219 855 1341 920 irsgmm.

212 941 259 978 rae
272 942 356 992 genna
375 927 490 992 intelligi
507 926 610 976 indicat
632 925 753 976 additum
804 926 939 994 (Hambur
959 964 965 978 .
982 923 1059 988 1833)
1072 940 1136 990 pag.
1150 926 1193 976 32.

212 989 397 1059 Λακωνικὴν,
414 1011 467 1060 qua
479 1009 546 1045 voce
556 993 652 1044 addita
663 994 755 1045 exclu-
826 991 874 1044 nal
885 941 1054 1058 προξείνους
1062 985 1271 1044 ἀποδεικνύναι
1280 985 1343 1042 τού.

212 1067 286 1116 ditur
299 1067 390 1116 Attica
400 1080 535 1126 mensura,
549 1063 644 1114 melius
657 1065 751 1130 utique
801 1077 874 1114 ιοιυι
898 1063 1100 1130 προσκεῖσθαι]
1118 1063 1259 1115 blediceus
1282 1078 1341 1114 curn

211 1135 292 1186 nobie
309 1137 428 1199 cognita.
468 1135 577 1202 Attipae
599 1141 769 1198 mensurae,'
801 1133 1059 1196 aliisnpoueiciiat.
1090 1134 1144 1184 Sed
1160 1135 1229 1184 satis
1247 1132 1341 1198 vulga·

212 1219 281 1269 quae
310 1201 448 1268 μετρητού
479 1203 586 1252 nomine
614 1203 751 1252 indicatur
801 1201 1341 1265 temtuenturbilociabedd.ellatil,

211 1277 382 1339 maximaque
395 1279 437 1324 eet
451 1273 606 1334 fluidorum,
624 1277 750 1336 quartam
803 1273 861 1324 118.
883 1273 939 1324 llil.
961 1275 1002 1337 ll,
1022 1273 1149 1335 83.v11,
1169 1272 1340 1337 unitaeque

210 1350 315 1408 partem
330 1345 353 1394 ei
367 1342 549 1404 intellexeris,
564 1342 674 1392 nimium
689 1357 752 1408 pro·
799 1343 952 1393 Florentini
962 1343 1025 1392 libri
1035 1343 1198 1393 auctoritas.
1216 1343 1340 1406 Namque

210 1414 284 1465 iacto
296 1413 359 1464 inda
372 1413 477 1478 prodit:
494 1427 557 1461 nam
569 1412 750 1462 exsistuntni·
800 1412 952 1463 infinitivus
973 1405 1180 1462 ἀποδεικνύναι
1201 1411 1301 1476 pendet
1322 1427 1339 1460 a

207 1485 273 1549 pinli
282 1481 324 1533 vel
338 1486 424 1547 oipinti
436 1489 555 1547 quattuor
567 1480 750 1546 „Scioppea“,
800 1483 890 1533 verbis
910 1475 1034 1531 τούτοισι
1054 1480 1185 1546 (περίδου)
1209 1481 1339 1542 προσνεῖ-

209 1559 241 1604 ut
253 1568 303 1603 nos
314 1551 388 1617 loqui
402 1552 533 1602 solemus:
549 1551 590 1601 ain
600 1565 664 1602 vern
677 1553 751 1617 cogi·
801 1549 883 1612 σθαι,
902 1553 972 1602 adeo
986 1557 1017 1602 ut
1031 1550 1074 1604 his
1088 1551 1197 1616 regibus
1209 1550 1337 1600 tributum

210 1627 252 1674 tea
262 1623 296 1673 de
312 1637 345 1674 aa
359 1621 502 1671 fluidorum
514 1635 653 1684 mensura,
669 1636 749 1690 qupm
800 1623 992 1672 mandatnmve
1009 1621 1046 1670 sit
1059 1620 1102 1671 vel
1115 1621 1151 1670 od
1163 1623 1274 1685 ipsorum
1286 1635 1338 1669 mn·

209 1691 291 1758 vulgo
307 1696 407 1742 vocant
427 1685 573 1752 τέταρτον,
594 1695 749 1754 panetarium
799 1707 863 1741 nera
878 1693 1043 1753 pertinuerit,
1068 1691 1195 1740 nominare
1207 1701 1339 1752 proceros

210 1767 370 1826 aquariam
384 1763 487 1825 partem
504 1757 555 1808 τοῦ
571 1755 669 1820 §ieron
690 1761 749 1812 eive
799 1775 813 1810 e
830 1761 924 1812 cinibnr
944 1775 1102 1826 quoacunque
1113 1761 1242 1809 noluerint.
1268 1757 1337 1807 atti-

207 1833 320 1882 sectarii
330 1835 357 1881 et
371 1829 509 1878 dimidium
528 1825 578 1892 τῆς
590 1825 711 1894 κοτύλης
726 1845 749 1880 e.
799 1831 841 1894 git
851 1845 956 1895 quoque
965 1829 1122 1880 Herodotea
1131 1827 1291 1878 Eustatbius
1303 1827 1337 1877 ad

207 1901 332 1960 lenione,
345 1914 415 1964 quae
430 1900 490 1963 ipsa
502 1905 530 1949 et
545 1899 685 1949 dimidium
697 1897 749 1949 τού
799 1899 843 1950 lli.
858 1915 884 1964 p.
900 1899 967 1962 405,
981 1898 1012 1948 21
1031 1913 1054 1949 s.
1072 1897 1139 1962 307,
1158 1899 1202 1958 18,
1223 1897 1269 1947 ubi
1288 1911 1336 1961 pro

208 1965 321 2031 ξέσιου,
339 1984 431 2034 parurn
443 1968 536 2033 ntique
548 1969 611 2019 inde
621 1969 747 2032 allicitur,
798 1968 987 2031 προσκεῖσθαι
1001 1967 1068 2018 dicit
1077 1961 1159 2031 γέρας
1168 1959 1251 2016 εἶναι.
1266 1967 1336 2016 Hinc

208 2038 426 2105 quandoquidem
444 2037 581 2090 nunciare
603 2033 701 2102 ξίσιης
723 2054 746 2088 e.
796 2036 1338 2099 Larcberuellallicaaicreddidit:„a'eat
1412 2057 1415 2065 ⁴

207 2111 339 2160 sectarius
357 2109 397 2158 eic
416 2109 485 2158 satis
504 2113 607 2174 aequat
626 2113 747 2158 nostram
797 2123 844 2158 uae
859 2110 890 2158 de
904 2105 1180 2172 leurapre‘ropntioer.“
1209 2105 1288 2166 Quod
1300 2105 1336 2154 ad

207 2193 377 2241 mensuram,
396 2193 466 2242 quae
482 2184 595 2229 vocatur
606 2177 747 2241 Sedoppea.
797 2175 966 2240 προξείνους
978 2179 1093 2239 attinet,
1107 2176 1177 2226 satis
1188 2179 1265 2239 patet
1278 2174 1305 2227 h.
1316 2173 1334 2224 l.

206 2249 267 2298 Vid.
280 2249 380 2297 Wurm.
397 2249 439 2298 De
455 2247 553 2312 pondd.
574 2253 638 2298 ratt.
654 2264 680 2312 p.
697 2247 746 2298 128
797 2262 851 2297 non
862 2263 909 2297 eoa
923 2247 992 2308 dici,
1018 2247 1190 2311 „quicunque
1208 2245 1235 2294 in
1252 2259 1284 2294 ea
1298 2244 1338 2293 ei-

206 2333 281 2383 acqq.
293 2317 353 2368 coll.
367 2318 424 2368 141.
440 2319 497 2380 123,
510 2319 634 2368 Boeelrb:
648 2317 747 2368 Metro·
797 2317 918 2378 „vitate,
938 2319 1017 2366 cuius
1027 2317 1111 2366 'cives
1129 2319 1236 2375 essent,
1256 2328 1335 2362 cura-

206 2387 428 2452 logllntcrsuch.
441 2403 467 2451 p.
481 2388 512 2437 ln
522 2403 598 2453 seqq.
609 2388 655 2438 281
670 2403 744 2452 seqq.
796 2388 872 2448 „rint
884 2401 926 2437 rea
936 2387 994 2436 eius
1007 2384 1144 2447 civitatis,
1157 2385 1234 2433 cuius
1244 2387 1335 2432 essent

207 2458 361 2518 illedimnna,
388 2457 497 2506 Atticus
522 2459 546 2507 si
565 2457 746 2520 intelligatur,
795 2457 943 2519 „proxeni,
959 2456 986 2503 in
1001 2459 1096 2504 neutra
1109 2469 1172 2503 vero
1190 2455 1335 2516 magistra-

206 2525 745 2590 eodernlt'urmioauctorepag.ldlseq.
796 2529 893 2586 „tuum
920 2529 1057 2588 potestate
1078 2522 1203 2572 suariae-⁸
1228 2522 1335 2586 (Meieri

115 2611 120 2622 ·
207 2597 272 2658 141,
287 2611 334 2646 sex
345 2595 480 2645 continuit
491 2593 596 2645 modios
607 2596 745 2644 Romanos
796 2599 860 2642 sunt
876 2593 960 2643 verba
979 2593 1006 2640 in
1021 2593 1201 2643 Commentat.
1225 2591 1258 2641 da
1268 2605 1334 2655 pro-

205 2671 233 2714 et
247 2665 376 2715 convenit
389 2678 449 2713 enm
468 2667 566 2712 octava
582 2669 660 2727 parte
674 2679 748 2713 men·
795 2663 877 2712 xenia
898 2677 962 2726 pag.
984 2664 1000 2710 4
1018 2666 1092 2712 recte
1110 2662 1260 2721 monentis,
1283 2659 1334 2710 boc
1436 2693 1439 2700 -

204 2749 284 2783 surae
296 2733 575 2796 Wuertembergieae,
590 2732 634 2781 cui
647 2747 746 2782 nornen
796 2745 975 2795 proxenornm
997 2747 1083 2795 genus
1109 2731 1189 2796 longe
1209 2730 1335 2794 frequen·

202 2802 326 2866 Scieffel,
348 2801 401 2850 duo
420 2801 499 2851 Sinuri
516 2807 543 2850 et
561 2801 632 2864 quod
652 2815 745 2850 excur-
794 2800 848 2849 tius
868 2801 1046 2866 omnibusque
1062 2801 1173 2852 Graecis
1193 2813 1334 2850 commune

203 2872 248 2932 rit,
260 2870 478 2936 complectentis.
497 2869 662 2920 Decioenice
674 2869 743 2919 idem
794 2869 907 2932 fuisse),
929 2869 977 2920 sed
994 2871 1042 2934 qni
1061 2886 1078 2920 a
1097 2885 1146 2920 sna
1163 2870 1249 2934 ipsius
1265 2868 1333 2918 civi·

103 2965 105 2970 ·
203 2941 307 2993 Warm.
325 2937 342 2988 l.
362 2939 379 2988 l.
398 2953 460 3004 pag.
475 2939 532 2990 132.
570 2938 658 3003 Vulgo
680 2953 744 3003 qua·
793 2939 1333 3004 tateconstituti,sivemagistratussive

203 3009 331 3076 draginta
343 3014 405 3060 octo
425 3007 569 3058 choenices
589 3023 671 3058 unum
689 3023 744 3060 me·
793 3009 895 3072 privati
914 3008 1051 3071 homines,
1076 3009 1100 3060 si
1122 3010 1169 3073 qui
1196 3007 1332 3072 peregrini

203 3078 322 3129 dimnnm
337 3079 506 3128 constituere
520 3077 655 3128 dicuntur.
793 3077 828 3127 ad
845 3079 964 3142 ipsorum
979 3079 1120 3129 civitatem
1140 3078 1331 3135 devertissent,

250 3144 402 3210 προεδρίας
428 3137 602 3212 ίξαιρέτους]
633 3147 743 3198 Praeci·
790 3147 943 3212 reciperent
954 3150 1131 3213 omnibusque
1145 3146 1225 3196 rebus
1240 3161 1332 3196 necas-

202 3231 283 3282 puam
298 3223 380 3282 atque
398 3233 415 3268 a
428 3217 539 3282 reliquie
555 3221 688 3268 secretam
702 3232 743 3266 re·
792 3217 874 3268 aeriis
895 3219 1069 3268 instruerent.
1103 3218 1230 3281 Spartam
1248 3215 1332 3280 igitur

202 3302 249 3351 ges
264 3289 291 3338 in
306 3287 376 3337 ludia
393 3286 569 3352 recipiebant
589 3287 679 3339 sedem
694 3286 742 3336 ho·
792 3287 836 3352 qni
852 3287 886 3336 ab
903 3286 966 3336 eliis
985 3287 1145 3337 civitatibus
1164 3286 1240 3334 misai
1253 3287 1332 3334 erant

202 3357 380 3406 neriscause.
405 3355 743 3422 Quoeodcmpactoiuli-
789 3355 873 3420 legati
894 3353 930 3406 ad
951 3371 995 3406 res
1018 3355 1140 3419 publicae
1160 3355 1330 3414 tractandas,

201 3425 273 3476 beris
292 3427 457 3477 Graecorum
483 3427 642 3477 civilatibus
667 3425 740 3475 band
789 3425 838 3477 bos
853 3417 1280 3490 reciperedebebantapo'ieecs,
1295 3423 1330 3473 ab

201 3511 263 3544 raro
274 3487 327 3558 τὴν
338 3493 494 3557 προεδρίαν
509 3511 667 3546 concessam
680 3509 740 3546 ease
790 3495 857 3560 ipsis
881 3495 991 3560 regibus
1016 3495 1161 3544 constituti
1189 3499 1329 3544 eteorum

200 3564 314 3629 legimus
338 3569 388 3614 aut
412 3565 552 3616 ordinibus
578 3565 739 3629 quibusdam
789 3565 868 3629 qnasi
891 3564 950 3614 loeo
973 3564 1024 3614 boc
1043 3579 1152 3615 munere
1174 3562 1329 3628 iungentes,

201 3633 422 3686 eminentioribus
435 3639 483 3682 aut
496 3634 611 3698 singulis
628 3635 694 3684 viris
707 3634 739 3684 dc
790 3634 814 3684 si
843 3635 950 3698 quidem
975 3633 1011 3682 ad
1033 3635 1228 3700 Spartanorum
1249 3647 1328 3696 reges

162 3727 166 3736 ·
200 3703 340 3770 republica
354 3703 421 3752 bene
435 3704 539 3752 meritis
551 3708 578 3753 et
590 3703 641 3753 boc
655 3703 739 3753 bono·
789 3703 1197 3767 pertinebantomneareecum
1215 3701 1329 3750 aliisci-

199 3775 236 3824 ris
250 3773 331 3823 titulo
348 3773 460 3823 ornatis.
488 3773 565 3822 Coni.
583 3773 737 3838 1,bdibiq.
788 3773 920 3822 vitatibus
946 3773 1123 3834 tractandae,
1147 3772 1232 3836 legati
1256 3771 1329 3821 exci-

199 3848 268 3894 nott.
284 3842 474 3893 Addcitataa
486 3843 554 3892 (111.
566 3843 738 3892 Hermanno:
787 3842 879 3906 piendi
893 3857 1039 3907 eorumque
1057 3843 1186 3892 mandata
1201 3840 1235 3890 ad
1251 3853 1329 3891 sena-

199 3913 296 3965 Lebrb.
309 3913 335 3965 d.
349 3911 516 3963 Grieehisch.
531 3911 735 3962 Stanteaiterth.
787 3917 844 3961 turn
856 3911 1017 3976 populumne
1028 3911 1185 3962 deferenda:
1199 3915 1330 3974 rectaque

199 3987 222 4048 §-
246 3983 303 4036 lle.
323 3985 379 4032 not.
400 3981 425 4036 6,
461 3983 493 4031 ln
513 3981 737 4046 inscriptionibus
785 3981 849 4030 inde
866 3981 896 4031 Ο.
917 3981 948 4030 Ο,
966 3981 1094 4032 Mueller:
1118 3982 1183 4030 Dor.
1205 3980 1241 4029 11.
1261 3995 1326 4045 pag.

200 4053 312 4104 Graecis
334 4051 554 4117 frequentissima
580 4052 682 4102 mentio
706 4050 737 4098 tit
790 4051 846 4103 103.
869 4051 917 4101 104
943 4050 1028 4100 hocce
1051 4053 1092 4100 ius
1111 4065 1204 4114 regum
1227 4050 1328 4114 repeti-

199 4122 278 4174 huius
290 4118 458 4184 προεδρίας,
479 4135 620 4186 quaecum
636 4115 736 4180 προξε-
787 4123 844 4169 tum
862 4119 935 4180 vult,
953 4120 1024 4183 quod
1039 4119 1148 4170 omnino
1162 4133 1255 4183 regum
1271 4118 1328 4168 fuit

198 4191 247 4258 υίᾳ
272 4192 382 4255 saepius
402 4189 548 4241 coniuncta
571 4205 675 4255 quoque
696 4205 737 4239 re·
786 4205 890 4240 summa
900 4192 1023 4254 potestas
1034 4190 1060 4237 in
1071 4190 1105 4237 iis
1115 4187 1246 4250 omnibns,
1255 4203 1327 4251 qaae

198 4261 302 4324 peritur
322 4265 350 4309 et
369 4259 404 4309 sd
424 4275 516 4310 omnes
533 4259 611 4310 ludos
628 4258 735 4324 publice
786 4257 821 4308 ad
840 4273 885 4308 ros
901 4263 1026 4308 externae
1042 4258 1204 4322 spectabant
1219 4258 1277 4307 sive
1290 4256 1327 4306 ad

196 4330 340 4379 institutos
356 4329 520 4393 pertinebat,
539 4330 567 4378 in
581 4330 676 4395 quibus
689 4345 735 4379 no·
785 4329 921 4390 rationes,
939 4343 1009 4390 qaae
1023 4327 1167 4390 Spartanis
1187 4341 1246 4376 eum
1260 4325 1326 4376 aliis

196 4395 277 4448 bilior
300 4397 444 4462 spectandi
467 4399 542 4450 locus
568 4399 735 4452 conceditur.
785 4398 917 4450 Graeciae
935 4397 1097 4448 civitatibus
1110 4395 1325 4447 intercedebant.
1365 4399 1373 4412 ·
