3062 4976
540 373 734 488 ¹ERATO.
758 372 811 444 VI.
835 385 955 450 90—92.

1262 375 1323 450 353

188 550 236 641 εἷς
252 561 292 630 δέ
303 587 351 640 τις
365 561 494 628 τούτων
507 556 666 646 ἐκφυγών
680 555 719 626 roi
730 556 836 648 θεσμοὶ
851 559 1055 647 καταφεύγει
1069 557 1153 647 πρός
1165 560 1323 650 πρόθυρα

134 665 374 752 481Λήμητρος
388 665 626 750 θεσμοφόρου,
655 663 895 750 ἐπιλαβόμενος
917 663 956 731 dl
978 670 1047 732 cciv
1067 665 1323 753 ἐπισπαστήρων

188 777 304 854 εἴχετο.
332 772 367 834 ολ
385 768 438 850 δὲ,
460 770 535 834 ἐπεί
554 791 589 834 τε
610 793 668 853 μιν
689 762 880 834 ἀποσπάσαι
900 763 962 834 οὐκ
980 762 1100 838 οἷοίτε
1120 765 1321 848 ἀπέλκοντες

186 875 354 957 ἐγίνοντο,
370 867 600 951 ἀποκόψαντες
614 866 719 936 αὐτοῦ
732 867 788 948 τοὶς
802 884 914 957 χεῖρας
928 861 1011 958 ἦγον
1025 866 1129 941 οὕτω·
1160 887 1268 960 χεῖρες
1283 873 1322 941 δὲ

185 978 310 1042 ἐκεῖναι
325 977 552 1061 ἐμπεφυκυῖαι
566 964 653 1060 ἦσαν
665 987 750 1040 τοῖσι
765 975 1016 1061 ἐπισπαστῆρσι.
1054 979 1164 1042 Ταῦτα
1178 978 1241 1062 μέν
1254 985 1367 1046 νυν92

185 1079 289 1163 σφέας
305 1074 427 1155 αὐτοὺς
448 1081 482 1144 ολ
493 1079 670 1164 Αἰγινῆται
694 1074 886 1163 ἐργάσαντο.
926 1073 1134 1164 Ἀθηναίοισι
1150 1077 1186 1146 di
1200 1075 1320 1166 ἥκουσι

185 1179 420 1267 ἐναυμάχησαν
435 1179 534 1267 νηυσὶ
550 1177 793 1265 ἑβδομήκοντα·
822 1181 1027 1259 ἑσσωθέντες
1043 1179 1079 1248 di
1099 1186 1139 1268 τῇ
1151 1189 1321 1269 ναυμαχίῃ

184 1281 402 1352 ἐπεκαλέοντο
432 1281 571 1360 τούτους
596 1277 719 1359 αὐτοὺς
740 1279 817 1360 τούς
846 1283 902 1350 καὶ
929 1283 1110 1372 πρότερον,
1140 1279 1320 1370 Ἀργείους.

184 1387 239 1453 καλ
255 1386 297 1474 δή
319 1405 379 1472 σφι
398 1374 490 1454 οὗτοι
507 1385 569 1471 μὲν
582 1381 693 1452 οὐκέτι
709 1387 892 1472 βοηθέουσι
905 1387 1132 1474 μεμφόμενοι,
1155 1383 1204 1455 ότι
1221 1393 1318 1474 Αἰγι-

183 1503 275 1556 ναῖαι
296 1491 386 1573 νέες,
409 1485 539 1575 ἀνάγκη
560 1496 769 1574 λαμφθεῖσαι
788 1482 854 1556 όπό
867 1492 1092 1576 Κλεομένεος,
1113 1494 1211 1576 ἔσχον
1230 1517 1266 1558 τε
1286 1495 1319 1570 ἐς

183 1589 246 1680 τὴν
257 1593 431 1678 Ἀργολίδα
445 1592 568 1680 χώρην,
585 1591 639 1658 καὶ
654 1592 893 1678 συναπέβησαν
906 1597 1211 1680 Λακεδαιμονίοισι.
1237 1616 1319 1662 σνν-

218 1785 388 1856 καταφεύγει
399 1785 472 1855 πρὸς
486 1783 622 1855 πρόθυρα
628 1787 726 1857 Δήμη-

182 1877 249 1924 τρος
268 1853 471 1926 θεσμοφόρου]
499 1856 635 1925 πρόθυρα
657 1873 726 1928 quae

184 1933 248 1994 sint,
256 1933 372 1982 diximus
382 1932 474 1994 udVl,
485 1931 528 1982 35.
552 1932 648 1995 ltaque
664 1947 726 1981 con-

184 2001 725 2067 fngitinlocumplanumusqueadviam

184 2071 320 2136 publicum
340 2077 405 2120 ante
423 2070 515 2119 aedem
534 2071 619 2132 ipsum
634 2075 727 2119 exten-

184 2157 243 2190 sum
253 2141 373 2204 deaeque
387 2153 493 2189 sacrum
504 2143 534 2187 et
544 2137 673 2188 annulum
687 2139 726 2187 is-

184 2225 264 2272 nuae,
280 2210 390 2260 clausae
401 2207 520 2266 scilicet,
534 2207 724 2271 apprehendit,

183 2296 244 2330 cum
261 2281 288 2328 in
306 2280 393 2344 ipsam
410 2277 504 2327 aedem
523 2277 627 2326 intrare
645 2277 725 2327 deae-

183 2365 235 2414 que
253 2354 374 2398 statuam
392 2353 523 2412 tanquam
542 2339 635 2409 ἱκέτης
653 2361 726 2396 com-

183 2419 267 2484 plecti
282 2433 336 2468 uon
353 2423 457 2483 posset.
484 2416 608 2466 Cererem
622 2413 726 2478 θεσμο-

184 2481 277 2552 φόρον
294 2488 329 2537 ab
345 2488 487 2552 Aeginetis
506 2485 608 2536 cultam
631 2485 726 2550 attigi-

184 2573 243 2608 mus
258 2558 311 2606 iam
327 2572 410 2620 supra
420 2556 459 2606 ad
472 2557 505 2619 V,
517 2554 566 2614 82;
584 2556 666 2605 alium
676 2557 725 2604 Ce-

183 2641 268 2677 rerem
287 2618 473 2689 θεσμοφόρον
492 2627 521 2674 in
535 2625 608 2675 Paro
619 2627 724 2676 iuveni-

185 2695 387 2758 mnsv1,134;
408 2695 522 2746 Athenis
542 2694 643 2745 cultam
664 2709 725 2744 esre

183 2766 296 2816 eandem
308 2766 385 2815 deum
396 2765 476 2828 plura
490 2769 626 2816 testantur
641 2764 727 2814 alluta

184 2835 219 2884 ab
235 2833 264 2884 G.
279 2833 310 2883 F.
324 2835 492 2884 Hermanno:
517 2833 724 2886 (lottesdienstl.

183 2903 300 2953 Alterth.
315 2905 340 2964 §-
352 2903 395 2955 56.
410 2907 466 2952 not.
484 2903 514 2952 14
528 2919 604 2969 seqq.

218 2966 435 3038 ἐπιλαβόμενος]
466 2971 553 3036 Vulgo
571 2964 725 3038 ἐπιλαμβα.

184 3033 319 3104 νόμενος,
346 3041 418 3103 quod
439 3042 551 3090 retinuit
572 3042 723 3106 Schweigb.

183 3111 302 3173 itemque
326 3109 465 3158 tluislord.
505 3110 639 3173 Equidem
663 3127 724 3160 cum

183 3183 297 3229 recentt.
312 3176 371 3228 edd.
387 3176 550 3227 eSancrolti
562 3179 630 3228 libro
643 3186 726 3243 atque

183 3247 310 3299 Eustatlr.
326 3244 361 3296 ad
374 3245 474 3310 Odyss.
488 3247 511 3294 1.
525 3262 551 3310 p.
569 3247 651 3306 1429,
666 3251 680 3295 2
703 3263 724 3295 ε.

184 3317 250 3382 72,3
262 3316 353 3382 recepi
364 3304 656 3380 ἐπιλοβόμενσς,ηαο(1
667 3331 727 3364 sen-

183 3391 272 3438 tentia
285 3389 345 3452 ipsa
357 3385 493 3449 requirere
503 3383 661 3434 videbatbr:
682 3401 727 3432 αα-

183 3460 255 3508 mulos
265 3456 403 3521 prehensos
412 3456 521 3517 βνναζιττ
533 3453 640 3503 tenebat.
667 3445 726 3501 ἐπι-

184 3521 310 3593 σπαστὴρ
327 3531 443 3576 vocatur
462 3525 588 3573 τπατοαλνε
606 3538 628 3572 s.
646 3536 726 3572 σατιν-

183 3601 230 3661 λιιε,
245 3613 297 3664 quo
307 3598 417 3646 ianuam
427 3595 542 3644 clausuri
554 3592 725 3654 attrahebant,

185 3675 310 3719 monente
320 3664 509 3717 Hemsterbus.
528 3663 563 3714 ad
574 3661 677 3714 Polluc.
691 3663 726 3726 X,

185 3739 228 3787 23.
257 3738 371 3786 Oreus.
391 3735 497 3784 confert
511 3733 661 3798 Booti-iper.
682 3732 724 3781 in:

187 3807 306 3869 „Kleiue
320 3804 483 3855 Sobrilton“
499 3802 539 3853 ed.
555 3803 635 3867 b'illig
650 3803 683 3851 Τ.
698 3802 724 3851 3.

184 3891 211 3940 p.
227 3875 288 3937 137;
308 3875 341 3924 ab
354 3875 417 3924 eliis
435 3872 616 3938 scriptoribus
634 3871 684 3921 bac
698 3874 725 3924 iu

183 3961 212 3996 re
234 3937 359 4010 βόπτρον
382 3943 436 3993 dici
459 3943 493 3992 cd
512 3942 537 3992 lr.
560 3941 578 3992 l.
602 3941 725 4007 pluribus

184 4011 491 4066 monstravitValcken.
521 4012 590 4062 Add.
609 4011 723 4062 Becker.

183 4085 211 4134 in
224 4083 341 4134 Charicl.
359 4083 382 4131 l.
396 4099 422 4147 p,
439 4081 613 4133 luceolum.
632 4095 658 4146 p.
675 4082 724 4132 108

184 4154 227 4206 cd.
242 4169 296 4205 sec.
327 4151 394 4200 Inde
412 4143 524 4209 κλεῖθρ’
538 4142 724 4199 ἀνασπαστοῦ

183 4215 275 4285 πόλης
291 4220 361 4271 dixit
380 4218 528 4282 Sophocles
548 4219 576 4268 in
592 4220 722 4284 Antigon.

186 4291 252 4342 1088
269 4295 296 4341 et
316 4281 440 4336 ἐπισπᾶν
457 4281 510 4348 τήν
527 4284 624 4346 θύραν
634 4289 724 4338 Xeno-

184 4360 265 4424 phou.
280 4357 386 4408 Hellen.
400 4357 448 4414 Vl,
464 4359 490 4416 4,
505 4355 546 4408 36,
567 4357 644 4418 Quod
658 4373 723 4407 vero

184 4427 281 4480 Pollux
297 4428 337 4488 X,
352 4427 385 4476 22
404 4423 465 4474 coll.
481 4423 557 4475 said.
579 4441 601 4476 ε.
617 4441 643 4476 v.
658 4426 679 4475 1.
694 4441 722 4491 p.

218 4529 384 4575 nunonem.
408 4529 457 4572 111.

775 1794 828 1844 829
842 1793 902 1860 (ubi
913 1786 1130 1861 ἐπισπαστήρων
1141 1799 1254 1862 exponit
1263 1794 1320 1846 caio

776 1861 827 1926 τῆς
854 1858 949 1926 θύρας
973 1861 1175 1930 κρατημάτωυ)
1211 1867 1320 1917 exhibet

774 1923 863 1996 ἀπρὶξ
876 1932 984 1996 εἴχετο,
1005 1935 1033 1983 id
1047 1935 1189 1985 Herodoto
1208 1939 1320 1987 restitu-

776 2003 873 2051 endum
896 2004 1003 2052 censuit
1023 2003 1110 2066 Toup.
1134 2005 1162 2051 in
1184 2005 1317 2058 Emendd.

777 2071 805 2119 in
819 2070 893 2120 Snid.
912 2071 964 2124 lll.
984 2087 1011 2135 p.
1029 2069 1080 2121 383
1098 2072 1233 2136 probante
1251 2075 1319 2123 Lar-

776 2138 865 2189 chero.
894 2141 930 2189 At
950 2157 964 2189 e
979 2138 1089 2189 Polluce
1105 2142 1165 2204 ipso
1186 2157 1259 2191 nunc
1273 2159 1320 2193 vo·

776 2209 837 2258 cula
854 2200 941 2270 ἀπρὶξ
960 2209 1048 2259 eiecta
1068 2217 1118 2258 est.
1151 2209 1250 2260 Suidas
1270 2227 1318 2260 au·

775 2285 838 2341 tem,
853 2283 883 2328 ut
895 2277 963 2327 beno
976 2279 1082 2328 monuit
1094 2277 1256 2344 Schweigl1.,
1271 2279 1319 2329 vix

775 2349 863 2412 ipsum
883 2347 1002 2410 inspexit
1019 2346 1201 2410 Herodotum,
1224 2363 1317 2399 verum

775 2433 808 2468 ex
825 2417 880 2467 alio
898 2431 952 2481 quo
965 2416 1152 2467 Grammatico
1174 2417 1242 2467 haec
1259 2433 1318 2466 ver·

774 2487 809 2538 bo
823 2486 911 2536 deseri
932 2487 978 2536 sit.

809 2558 900 2620 χεῖρες
910 2501 942 2603 ἀλ
952 2545 1058 2604 ἐκείνου
1073 2569 1096 2606 κ,
1108 2571 1132 2606 τ.
1144 2553 1180 2619 3,]
1203 2555 1220 2604 i.
1232 2573 1255 2606 e.
1266 2571 1318 2605 νεα-

774 2642 820 2676 παε
839 2625 1005 2676 irrlroerebaut
1021 2627 1128 2676 ακπνλίε.
1165 2626 1219 2675 Ubi
1236 2618 1317 2688 ἐμπε-

776 2697 886 2758 φυκυῖα
904 2710 936 2744 ex
955 2695 1066 2744 Homeri
1084 2694 1163 2744 fluxit
1183 2711 1316 2756 sermone,

776 2765 848 2830 apud
860 2779 938 2829 quem
954 2763 1097 2828 frequens:
1120 2756 1151 2812 ἔν
1168 2755 1195 2811 τ’
1217 2753 1274 2825 ἀρα
1289 2757 1319 2812 ολ

775 2831 817 2898 φῦ
830 2831 912 2898 χειρί.
938 2833 1017 2883 Iliad.
1031 2834 1078 2898 VI,
1091 2833 1151 2884 253.
1164 2832 1226 2885 406.
1242 2833 1316 2896 xw,

775 2905 841 2967 232,
863 2902 918 2953 alii
936 2903 964 2952 id
978 2918 1073 2968 genua.
1090 2930 1123 2938 -
1138 2892 1243 2951 ἐκεῖναι
1256 2904 1317 2968 (pro

774 2973 848 3038 vulg.
869 2973 973 3036 aeirus)
995 2971 1184 3023 eFlorentino
1204 2978 1231 3021 et
1248 2971 1317 3022 San·

776 3043 859 3093 crusti
868 3043 937 3093 libro
947 3041 1024 3092 dedi:
1042 3042 1098 3092 vid.
1111 3041 1191 3091 modo
1199 3041 1316 3092 Bredov.

762 3129 802 3180 vp.
824 3113 882 3164 119.
912 3113 1006 3176 Neque
1022 3112 1093 3160 enim
1110 3111 1247 3162 assentior
1259 3112 1317 3159 viro

777 3183 873 3243 docto,
889 3183 935 3244 qui
948 3180 975 3229 h.
993 3179 1010 3228 l.
1029 3195 1113 3244 aeque
1131 3185 1214 3247 atque
1230 3181 1272 3244 ll,
1284 3181 1319 3232 39

777 3249 837 3313 (ubi
849 3249 905 3301 vid.
919 3247 1003 3313 nott.)
1017 3251 1110 3297 κεῖναι
1128 3249 1156 3297 in
1168 3246 1249 3297 κεναὶ
1261 3265 1320 3299 rnu-

777 3320 832 3367 tari
849 3317 921 3379 vult,
939 3317 1004 3367 licet
1021 3317 1205 3381 adstipuletur
1218 3319 1317 3370 Grote:

776 3387 890 3451 ilistory
905 3386 935 3435 ol
946 3387 1047 3437 Greece
1060 3387 1092 3436 V.
1110 3401 1171 3451 pag.
1186 3388 1228 3440 63.

871 3597 881 3614 .
958 3557 1025 3608 en».
1040 3555 1127 3610 XCII.

813 3657 910 3710 Ταῦτα
928 3653 979 3724 μέν
995 3676 1049 3709 νυν
1066 3655 1153 3724 σφέας
1168 3652 1274 3720 αότοάς
1290 3658 1321 3713 oi

776 3725 923 3794 Αἰγινῆται
941 3722 1111 3795 ἐργάσαντο]
1146 3731 1246 3782 Vocem
1268 3725 1318 3781 αό-

775 3793 844 3858 τούς
862 3800 946 3851 deleri
966 3799 1025 3850 vult
1041 3799 1217 3864 Bernhardy:
1244 3803 1318 3851 Wis-

776 3869 935 3922 senschaitl.
958 3869 1063 3934 Syntax
1084 3875 1137 3920 etc.
1163 3885 1225 3934 pag.
1253 3871 1314 3921 286.

775 3941 852 3991 Libri
865 3939 960 4004 scripti
973 3940 1092 3989 retinent
1103 3945 1201 3989 etcum
1213 3939 1248 3988 iia
1261 3941 1317 3988 edi-

775 4017 858 4073 tores,
869 4013 998 4074 qnantum
1008 4011 1075 4069 scio,
1087 4014 1200 4059 recentt.
1213 4023 1316 4059 omnes.

809 4069 992 4142 ἑσσωθέντες]
1017 4078 1097 4128 Conf.
1110 4079 1143 4138 V,
1156 4079 1199 4127 72.
1220 4077 1318 4126 Dedr-

774 4150 847 4214 givis
864 4149 1059 4214 Aeginetarum
1082 4146 1165 4196 sociis
1183 4145 1220 4198 oi.
1246 4149 1315 4198 nott.

775 4219 810 4268 ud
828 4220 866 4280 V,
888 4217 930 4270 80.
951 4243 986 4254 -
1007 4209 1117 4281 ἀνάγκη
1139 4213 1314 4277 λαμφθεῖσαι

775 4295 817 4339 est
834 4291 860 4338 vi
874 4296 980 4338 coactae
998 4302 1015 4335 a
1029 4287 1164 4336 Cleomene.
1200 4283 1314 4348 Spectat

774 4357 825 4407 hoe
839 4357 875 4406 ad
891 4372 932 4418 ea¹
949 4370 1020 4419 quae
1031 4354 1070 4406 Vl
1078 4391 1085 4416 ‚
1099 4352 1133 4404 76
1147 4361 1315 4405 enarrantur.

809 4421 891 4490 ἔσχον
903 4438 932 4474 τε
946 4419 973 4482 ἐς
986 4416 1192 4488 τὴνἈργολίδα
1205 4419 1312 4490 γιόρην]

1076 4507 1116 4569 23
