3062 4976
236 372 299 434 422
669 367 937 432 HERODO'PI

169 560 229 624 137
313 551 454 636 Λῆμνον
479 546 517 616 ti
540 540 768 634 Μιλτιάδηςὸ
793 550 948 632 Κίμωνος
974 535 1040 614 ὦδε
1068 549 1152 631 ἔσχε.
1189 545 1378 631 Πελασγοὶ,

238 657 363 722 ἐπείτε
385 653 422 719 ἐκ
442 656 500 737 τῆς
515 647 663 737 Ἀττικῆς
677 645 744 718 ὑπὸ
763 647 953 736 Ἀθηναίων
973 647 1220 736 ἐξεβλήθησαν,
1242 657 1309 717 εἴτε
1325 640 1380 718 ὦν

237 754 280 845 δὴ
295 761 433 834 δικαίως
455 764 522 824 εἴτε
536 751 675 834 ἀδίκως·
703 758 802 822 τοῦτο
823 750 888 840 γὰρ
901 749 964 821 οὐκ
982 759 1046 840 ἔχω
1061 749 1203 840 φράσαι,
1223 749 1313 840 πλὴν
1333 751 1379 820 τοὶ

238 859 420 948 λεγόμενα,
444 853 494 926 ὅτι
510 852 680 938 Ἑκαταῖος
695 856 757 944 μὲν
771 851 788 924 ὁ
800 851 1032 943 Ἡγησάνδρου
1046 861 1150 942 ἔφησε
1165 857 1203 924 ἐν
1216 870 1302 924 τοῖσι
1317 854 1379 926 λό-

237 985 325 1050 γοισι
348 963 456 1048 λέγων
475 958 610 1040 ἀδίκως.
647 962 776 1030 ἐπείτε
801 958 864 1046 γὰρ
889 963 977 1028 ίδιλν
997 956 1075 1039 τούς
1089 955 1292 1045 Ἀθηναίους
1314 957 1381 1047 τὴν

237 1094 367 1155 χιρην,
394 1062 455 1153 τήν
476 1085 570 1149 σφισι
591 1059 658 1133 ὑπὸ
680 1061 739 1132 τὸν
760 1058 924 1152 Ὑμησσὸν
945 1065 1068 1131 ἐοῦσαν
1089 1065 1211 1131 ἔδοσαν
1230 1066 1379 1150 οἰκῆσαι,

242 1267 315 1332 134),
337 1265 405 1316 adeo
422 1270 452 1315 ut
468 1265 541 1316 runt
558 1264 647 1329 poeni
662 1263 786 1314 afflictus
835 1262 1009 1330 Pelasgicum'
1026 1261 1206 1328 exstructum)
1229 1267 1256 1312 et
1270 1264 1381 1329 agrico-

239 1339 367 1388 videatur
380 1335 529 1386 Miltiades.
548 1333 633 1383 Aliter
645 1334 677 1382 rie
690 1333 732 1382 hie
745 1334 785 1383 iu·

242 1409 318 1458 dicat
329 1405 426 1456 Grote:
447 1405 561 1467 Hiatory
579 1402 610 1450 oi
622 1403 724 1454 Greece
737 1404 784 1454 1v.

241 1493 268 1542 p.
283 1477 409 1538 conseq,
421 1473 466 1522 oui
481 1474 569 1522 minuo
587 1471 728 1534 probabile
746 1472 786 1522 vi-

241 1547 330 1606 detur,
344 1541 495 1591 Miltiadem
508 1542 535 1590 in
546 1555 683 1592 carcerem
694 1541 786 1592 conie-

241 1620 314 1663 ctum
336 1625 397 1661 eaae
415 1609 507 1674 ibique
524 1614 674 1660 mortuum:
693 1610 786 1662 exiati-

244 1687 301 1732 met
315 1680 388 1730 domi
399 1679 490 1743 potine
503 1679 604 1730 obiioae
615 1680 783 1740 Miltiadem

243 1765 316 1816 quae
327 1748 384 1799 alia
404 1747 467 1800 iude
479 1765 496 1798 a
509 1765 535 1814 p.
549 1749 601 1802 utut
620 1765 696 1814 aeqq.
713 1749 783 1800 idem

243 1819 356 1872 subiicit
368 1819 412 1868 vir
427 1817 525 1870 doctus
544 1819 577 1870 de
590 1819 634 1882 iio,
648 1817 786 1884 quaeMil-

241 1889 313 1940 tiadi
334 1887 485 1940 acciderint
506 1895 535 1940 et
557 1889 589 1939 do
613 1905 647 1938 ea
668 1891 784 1950 ratione,

243 1975 296 2026 qua
308 1959 336 2008 in
351 1959 464 2010 eundem
477 1960 582 2024 egerint
592 1959 785 2021 Athenienses,

242 2029 333 2080 malim
347 2028 420 2094 apud
434 2029 522 2094 iprum
534 2029 598 2094 legi.

835 1335 877 1386 lae
891 1333 951 1400 (qui
966 1339 1065 1384 terram
1087 1332 1207 1384 sterilem
1226 1333 1301 1382 circa
1321 1335 1382 1397 Hy-

836 1409 947 1455 mettum
960 1399 1110 1463 coluerint)
1125 1402 1269 1466 praedicat
1282 1403 1381 1453 Peiae-

836 1489 885 1540 goa
905 1475 1011 1524 Haase:
1032 1471 1130 1522 Athen·
1151 1471 1377 1524 Stammverieaa.

836 1543 984 1609 (Abhaudl.
1002 1543 1027 1592 d.
1044 1541 1108 1593 hiat.
1121 1540 1214 1606 philol.
1225 1541 1378 1594 Gerellach.

835 1615 863 1662 in
880 1613 992 1664 Breeiau
1005 1609 1039 1676 1.)
1053 1627 1118 1677 pag.
1133 1610 1175 1660 91.

869 1709 943 1780 πλὴν
956 1706 989 1763 τὰ
1001 1707 1147 1778 λεγόμενα]
1178 1713 1281 1763 Eodem
1297 1713 1379 1764 modo

834 1787 935 1836 Noster
953 1785 996 1846 11,
1014 1783 1070 1836 130.
1104 1785 1145 1834 Do
1161 1784 1301 1834 Hecataeo
1320 1783 1379 1834 vid.

835 1861 903 1906 nott.
915 1855 950 1904 ad
961 1855 998 1918 11,
1007 1854 1090 1906 143et
1100 1853 1132 1904 de
1142 1853 1280 1902 locutione
1289 1847 1379 1916 ἔφησε

835 1952 869 1960 -
883 1923 970 1988 λέγων
982 1927 1015 1986 V,
1031 1923 1074 1974 30.
1090 1923 1133 1974 30.
1162 1921 1240 1985 Quod
1253 1922 1378 1972 additum

833 1994 933 2060 iegitur
946 1984 976 2042 ἐν
988 1995 1062 2042 τοῖσι
1076 1986 1193 2057 λόγοισι,
1212 1991 1306 2042 eodem
1321 2008 1380 2042 mo-

836 2063 870 2115 do
885 2063 1089 2129 accipiendum,
1109 2077 1161 2127 quo
1180 2062 1238 2127 ipse
1253 2061 1381 2112 Herodo-

836 2139 880 2184 λοι
890 2133 923 2184 δε
936 2148 985 2184 auo
998 2133 1085 2196 ipsius
1097 2147 1178 2196 opere
1192 2132 1304 2197 eiusque
1317 2147 1380 2197 par-

394 2235 451 2287 en,
481 2235 635 2286 CXXXVII
836 2205 909 2254 tibue
921 2201 1034 2267 ninguiiu
1046 2200 1159 2266 loquens
1174 2191 1274 2265 λόγους
1287 2201 1379 2252 dicere

455 2272 461 2287 '
638 2276 645 2289 '
838 2274 921 2334 soiet3
943 2269 1179 2328 vinnonodv,
1199 2274 1247 2320 22:
1273 2270 1380 2320 intelle·
1428 2259 1437 2282 ⁸

541 2373 586 2422 m
598 2386 658 2422 cum
671 2375 777 2423 recem
837 2344 911 2394 xieee
929 2347 1018 2392 nutem
1037 2339 1144 2390 videtur
1155 2341 1255 2391 Noeter
1273 2337 1379 2404 γενεῶν

781 2405 786 2417 “
837 2405 937 2477 λόγους
955 2427 976 2462 a.
990 2409 1185 2475 γενεαλογίας,
1203 2426 1255 2476 quo
1268 2409 1379 2460 nomine

838 2481 974 2532 Hecataei
991 2495 1058 2546 ορατ
1070 2479 1185 2540 cratitit,
1199 2494 1231 2529 ex
1244 2493 1295 2544 quo
1311 2493 1378 2548 non3

277 2364 308 2422 ἐκ
320 2370 371 2437 τῆς
380 2366 512 2437 Ἀττικῆς]

243 2443 305 2498 edd.
318 2443 381 2494 dodi
396 2459 445 2508 pro
462 2432 558 2498 ἐκτὸς
574 2433 703 2504 Ἀττικῆς,
716 2438 788 2506 quod

243 2512 350 2564 Schaei.
364 2511 495 2562 etMetth.
510 2513 692 2572 retinuerunt,
710 2511 787 2559 item·
1319 2550 1325 2560 ,

243 2599 295 2648 que
318 2572 530 2646 ggffflfflqm,
562 2581 608 2628 ubi
632 2595 665 2628 ex
685 2578 785 2628 Aldina
839 2552 913 2602 nulia
934 2551 1088 2614 fragmenta
1101 2555 1260 2614 supersunt,
1280 2549 1379 2612 quibus

244 2651 326 2716 vulgo
340 2639 527 2714 ἐξελάθησαν,
550 2649 623 2711 m,
640 2653 671 2697 Π,
684 2647 788 2698 Grono-
836 2619 890 2738 ΙΙὲιιιο
905 2635 1012 2719 quoque
1029 2617 1206 2737 adnumessare
1223 2617 1301 2678 iicet;
1321 2617 1378 2668 vid.

243 2722 305 2770 viua
317 2719 419 2778 voluit,
434 2709 636 2779 ἒξελοίσθησαν.
650 2717 692 2766 Ad
703 2717 787 2767 verba
873 2705 971 2739 'mm'
994 2691 1128 2740 flecma
1166 2703 1280 2753 ’ΨΜ
1302 2702 1330 2752 p·
1343 2687 1379 2738 ²8

243 2775 345 2839 riteoir
360 2781 520 2850 δὴδικαίως
532 2779 700 2842 είτιοίδίκως
712 2785 786 2839 coni.
836 2763 863 2807 ³²
878 2757 934 2808 ¹53·

245 2860 324 2910 modo
336 2857 469 2908 Herodot.
482 2855 555 2918 1,8u‚
568 2869 602 2906 ue
614 2853 700 2918 plura.
719 2856 788 2907 Cae·
869 2854 922 2924 τήν
938 2873 1019 2924 σφισι
1034 2851 1092 2910 ὑπὸ
1106 2849 1300 2921 τόνὟμησσὸν
1314 2847 1378 2907 ἐοῦ-

244 2935 330 2980 terum
350 2927 489 2992 protasio,
512 2938 593 2988 quam
613 2924 786 2975 constituunt
836 2943 890 2980 σαν
909 2922 1012 2980 ἔδοσαν
1033 2923 1158 2993 οἰκῆσαι]
1200 2928 1376 2980 Florentium

243 2999 327 3050 verba
336 2987 433 3045 ἐπείτε
445 3021 478 3030 —
491 2983 696 3059 ἐξεβλήθησαν,
714 2993 786 3044 iraud
835 3000 905 3050 iiber
927 3005 990 3064 poet
1006 2992 1058 3062 τήν
1078 3011 1158 3061 σφισι
1177 2997 1255 3048 addit
1268 2987 1377 3056 αὐτοῖς,

244 3065 480 3132 excipitapodoaia
493 3063 786 3128 indicaturaPelaagoa
836 3069 908 3122 unde
927 3068 1065 3120 Gaisford.
1084 3068 1189 3133 recepit
1211 3061 1339 3126 αὖτοίσι;
1363 3081 1378 3118 e

243 3133 704 3202 Atticipulflotbefflssumpeffimt
714 3133 788 3198 quod
836 3139 1089 3205 Schweighaeuseri
1103 3143 1191 3190 ruente
1209 3129 1292 3186 αὐτοὶ
1306 3135 1379 3187 exhi-

243 3209 331 3273 ipeum
347 3205 490 3256 declarant
504 3203 611 3254 demum
623 3203 787 3268 verbacnpi-
837 3211 897 3262 beri
908 3209 1017 3260 debuit:
1030 3207 1097 3258 mihi
1110 3211 1206 3258 neutro
1219 3221 1288 3270 ορατ
1302 3206 1379 3256 vide-

244 3278 280 3327 tia
299 3275 349 3326 1:38
367 3276 448 3355 initio
466 3289 536 3340 quae
550 3272 690 3350 leguutqr:
712 3267 742 3322 oi
754 3267 786 3323 δὲ
837 3285 889 3344 tur,
903 3279 1208 3343 indequecumreoentt.
1224 3275 1284 3326 edd,
1295 3276 1380 3326 omni.

245 3342 383 3409 Πελασγοὶ
400 3359 480 3394 ουτοι
495 3344 613 3409 Λῆμνον
626 3356 689 3391 τοτε
704 3336 786 3407 νεμό-
836 3350 886 3399 buo
904 3349 987 3399 reieci
1001 3338 1129 3406 circini,
1150 3345 1222 3410 quod
1235 3347 1275 3394 ita
1287 3351 1379 3397 tuetur

243 3429 324 3478 μενοι
332 3429 357 3466 κ.
366 3429 388 3464 τ.
398 3414 432 3476 λ,
448 3414 557 3480 quibua,
573 3429 634 3464 cum
646 3417 688 3462 tor
701 3413 787 3464 verba
835 3419 899 3469 ΕΙιι
918 3417 1045 3482 (Jahrbb.
1060 3415 1079 3466 f.
1098 3416 1196 3469 Philet.
1213 3430 1239 3468 u.
1254 3415 1377 3478 Paedag.

244 3485 390 3536 interiecta
403 3485 474 3546 sint,
493 3499 565 3534 nove
580 3497 691 3548 prorsus
707 3483 788 3534 inati·
836 3487 933 3553 Suppl.
951 3487 1000 3538 IX.
1022 3503 1049 3550 p.
1070 3485 1150 3548 339),
1175 3490 1206 3534 ut
1231 3483 1311 3547 σφίσι
1329 3479 1380 3534 αὖ·

244 3553 787 3605 tuituroratiouieatructura.-Dear-
836 3559 911 3606 τοῖσι
934 3556 970 3606 ad
985 3555 1165 3606 Athenienses
1184 3570 1245 3605 curn
1263 3559 1379 3619 spectet,
1446 3535 1460 3560 “

243 3629 370 3690 gumento
394 3622 448 3674 loci
463 3622 536 3675 conf.
557 3621 603 3685 IV,
625 3621 674 3671 145
694 3622 786 3688 ibique
836 3642 896 3677 cum
909 3625 1056 3691 participio
1076 3615 1180 3673 ἐοῦσαν
1194 3624 1323 3688 coniungi
1334 3641 1379 3674 ve·

244 3697 332 3756 nott,
350 3691 558 3745 0.0.Mueller:
582 3691 743 3741 Orchomen.
758 3708 785 3756 p.
836 3695 884 3746 lit:
904 3697 938 3747 de
958 3709 1010 3759 quo
1029 3694 1152 3760 equidem
1170 3708 1280 3759 proraua
1298 3693 1379 3746 aliter

244 3763 377 3827 308aeqq.
392 3762 444 3812 440
456 3777 523 3826 aeq.¹
539 3762 640 3810 Kruse:
654 3759 748 3810 Heilaa
761 3761 784 3811 I.
836 3767 934 3816 sentio.
954 3767 1086 3829 Hymettos
1097 3779 1184 3826 mona,
1202 3763 1236 3812 ed
1248 3763 1325 3814 cuiue
1337 3779 1379 3813 ra·

244 3833 338 3898 quilii,
351 3832 396 3880 ubi
413 3833 484 3881 inter
497 3828 552 3880 alia
565 3829 615 3880 hoc
626 3845 729 3896 quoque
743 3831 785 3880 ai·
836 3835 910 3886 dieea
931 3834 1054 3884 Atheneo
1073 3847 1168 3882 versuo
1190 3831 1221 3896 (a
1239 3847 1293 3896 qun
1312 3833 1379 3884 urbe

244 3903 307 3964 sert,
327 3901 459 3965 Pelasgos
471 3902 542 3950 inter
557 3899 660 3951 medion
676 3901 784 3951 Atticos
836 3919 890 3954 uon
918 3903 1013 3969 procul
1033 3903 1156 3967 exsurgit
1181 3901 1257 3953 hicce
1289 3905 1378 3962 mona)

243 3972 320 4024 aeden
330 3972 459 4035 antiquae
468 3971 617 4019 retinentee
630 3970 723 4034 ibique
736 3970 785 4020 eub
836 3973 945 4040 Pelasgi
959 3971 1038 4026 eedea
1053 3976 1231 4034 acceperant,
1243 3973 1317 4036 apud
1331 3988 1378 4022 ve-

244 4042 354 4106 antiquo
371 4039 477 4089 nomine
488 4039 646 4090 habitante!
664 4055 717 4088 non
733 4039 783 4088 ali·
838 4047 909 4094 terea
930 4041 1042 4092 muitum
1063 4041 1218 4092 celebratus
1233 4049 1288 4091 turn
1308 4057 1379 4090 mar·

244 4119 285 4162 ter
306 4111 404 4160 iecisse
422 4109 507 4160 videri
533 4113 616 4173 atque
637 4105 784 4160 re'centiori
835 4129 909 4163 more
920 4117 947 4162 et
958 4111 1046 4170 melle,
1060 4115 1116 4160 tum
1128 4109 1192 4162 aliie
1202 4111 1291 4172 rebus,
1305 4127 1378 4160 nunc

244 4185 336 4231 aetate
356 4179 466 4228 Veudoe
482 4179 509 4228 in
531 4177 619 4229 inedia
635 4179 783 4228 Germania
833 4187 949 4232 vocatur
963 4182 1023 4232 Teio
1034 4181 1108 4233 Vnnr‘.
1128 4179 1189 4231 vid.
1200 4181 1302 4230 Krueer
1316 4179 1380 4229 Hei·

242 4249 503 4314 antiquaioetituta
530 4249 693 4313 nominaque
709 4249 783 4308 ,reti-
834 4251 939 4312 lauit.
954 4251 1019 4314 p.2i
1030 4265 1098 4313 aeq..
1110 4250 1254 4312 Forbiqer:
1268 4249 1377 4299 Handb.

243 4323 346 4370 neuter.
375 4319 498 4369 Eximioe
517 4323 544 4369 et
559 4317 723 4370 architectos
736 4317 782 4383 (ob
833 4321 859 4372 d.
878 4321 926 4370 alt.
943 4319 1106 4387 Googr.111.
1121 4311 1253 4385 pag.862,
1268 4317 1378 4369 Leaker
