3010 4966
439 364 804 426 TERPSIOHORE.
826 367 866 426 V.
888 374 932 429 77.
953 375 997 430 18.

1223 367 1282 429 149

143 537 316 627 Ἀθηναῖοι
330 540 392 626 μέν
413 565 478 606 νυν
491 534 642 626 ηὔξηντο.
675 544 773 626 δηλοῖ
785 539 821 608 δὲ
835 535 876 607 ori
891 536 966 607 κατ’
981 545 1018 608 ’ἐν
1031 545 1176 628 μοῦνον,
1197 537 1328 614 illim

146 647 315 731 πανταχῆ,
337 637 357 729 ἡ
378 648 530 730 ἰσηγορίη
553 639 596 720 αἱς
615 649 683 710 ἔστι
705 647 812 730 χρῆμα
830 648 1030 711 σπουδαῖον·
1061 650 1092 712 εί
1104 645 1159 712 καλ
1183 642 1280 732 Ἀθηκ

145 763 235 821 ναῖοι
256 744 537 834 τυραννευόμενοι
559 745 620 833 μὲν
640 742 799 834 οὐδαμῶν
820 751 887 814 τόν
907 749 1010 832 σφέας
1025 747 1282 833 περιοικεόντων

145 843 231 940 ἦσαν
244 847 284 918 τότ
298 849 439 936 πολέμια
449 845 623 936 ἀμείνους,
637 845 907 936 ἀπαλλαχθέντες
922 849 959 918 dl
973 850 1150 936 τυράννων
1163 855 1281 941 μακρςό

145 959 270 1040 πρῶτοι
285 955 448 1040 ἐγένοντο.
480 956 577 1038 δηλοῖ
589 942 637 1020 τόν
651 955 772 1039 ταῦτα,
793 949 844 1021 ότι
860 953 1074 1042 κατεχόμενοι
1088 955 1149 1042 μὲν
1164 958 1278 1023 ἐθελο-

144 1057 283 1143 κόκεον,
307 1050 351 1134 τός
372 1053 515 1142 δεσπότῃ
536 1053 761 1142 ἐργαζόμενοι·
796 1058 1097 1144 ἐλευθερωθέντων
1120 1057 1156 1126 δὲ
1180 1054 1280 1137 αὐτός

143 1165 279 1239 ἕκαστος
308 1161 422 1248 ἑωυτῷ
449 1160 675 1249 προεθυμέετο
701 1158 969 1248 κατεργάζεσθαι.
1006 1151 1098 1230 οὗτοι
1125 1163 1187 1249 μέν
1214 1189 1279 1229 νυν

145 1269 248 1332 ταῦτα
262 1270 438 1351 ἔπρησσον.

143 1430 211 1478 dunt
231 1425 367 1492 exempla,
389 1443 459 1494 quae
480 1427 550 1476 idern
575 1423 686 1490 collegit

143 1501 215 1550 Rose
231 1499 249 1548 l.
266 1497 284 1547 l.
307 1513 371 1562 pag.
392 1499 443 1550 215
462 1513 519 1562 seq.
544 1494 612 1546 Add.
631 1497 685 1545 He·

144 1569 202 1618 rod.
213 1569 270 1630 ΙΙΙ,
284 1569 317 1618 57
330 1568 422 1632 ibique
441 1566 536 1618 allata.
556 1566 609 1614 Pro
622 1557 686 1613 ἔθε-

144 1651 197 1685 σαν
208 1637 345 1688 Sancrofti
362 1639 431 1688 liber
442 1637 523 1686 hebet
535 1625 685 1695 ἀνέθεσαν,

145 1708 217 1774 qnod
240 1707 336 1770 opinor
355 1708 463 1758 induxit
478 1704 685 1766 Schneidewin,

142 1784 173 1826 ut
185 1777 325 1828 exhiberet
337 1767 453 1827 ἀνέθεν.
481 1775 612 1840 Equidem
624 1789 684 1823 cum

140 1847 259 1912 Bergkio
269 1852 350 1912 atque
359 1845 493 1898 Herodoti
504 1844 564 1895 edd.
576 1843 615 1894 nil
627 1859 684 1893 mu-

141 1917 254 1966 tandum
266 1918 370 1970 censui.

293 2087 358 2140 Cur.
375 2089 531 2141 Lxxv111.

175 2183 304 2256 diploidi
319 2183 428 2240 οὔποτ’
443 2186 476 2242 ’ἐν
488 2208 514 2240 κ.
528 2209 551 2241 τ.
565 2193 603 2260 λ.]
628 2194 683 2243 He·

139 2263 254 2313 rodotea
272 2262 341 2312 citet
359 2263 494 2313 Stobaeue
508 2263 617 2323 XLIII,
637 2263 681 2314 38.

140 2349 205 2398 pag.
226 2331 276 2381 243
295 2349 317 2382 s.
341 2333 373 2381 T.
394 2333 429 2381 II.
449 2349 510 2397 pag.
529 2332 577 2382 108
594 2331 681 2382 Gaisi.

139 2403 181 2452 Ad
210 2401 374 2452 locutionem
401 2402 519 2451 conferri
547 2401 682 2462 volnrnus,

140 2471 213 2536 quod
227 2471 324 2536 legitur
336 2471 433 2548 mque
447 2471 491 2520 fin.
515 2469 560 2519 καλ
575 2461 606 2520 έν
618 2465 681 2518 rov'-

139 2557 178 2589 τω
198 2539 286 2616 δηλοῖ
301 2536 349 2588 καλ
368 2553 452 2596 ουτος
469 2531 508 2597 τός
528 2533 682 2614 ἡμοοναρ;

137 2610 683 2743 λζ101111ζοἕλιοὲἓὲλλλλλῗλλὲλ

139 2765 344 2813 comparamus,
362 2764 432 2812 qnae
449 2755 559 2798 exstant
576 2749 633 2814 III,
648 2749 683 2800 80

139 2826 204 2885 post
220 2815 351 2875 Ιο11.κο5ς
366 2809 395 2866 δ’
413 2808 450 2866 ἆυ
466 2815 511 2882 τίη
526 2815 618 2883 χρῆμα
633 2833 682 2866 κα·

138 2887 317 2952 τηρτημένον
329 2885 489 2952 μουναρχίη
507 2903 531 2936 κ.
548 2905 571 2938 τ.
588 2889 611 2936 λ.
640 2885 681 2937 Ad

138 2975 232 3008 vocem
246 2955 406 3006 σπουδαῖον
426 2956 578 3022 (serapium,
598 2959 683 3007 eccel-

138 3027 317 3092 1τκτ)ο1“.11’,
339 3027 388 3078 108
406 3027 499 3090 ibique
520 3033 589 3078 nott.
622 3021 681 3089 ίση-

137 3095 240 3162 χορίην
251 3096 383 3148 Herodoti
395 3096 468 3146 heud
482 3097 561 3146 valde
574 3097 681 3146 ditt'erre

138 3169 174 3217 ub
191 3183 233 3229 ea,
247 3183 327 3233 quam
344 3163 407 3216 aliis
422 3165 489 3217 locis
504 3167 572 3217 dixit
586 3161 680 3214 ίσονο-

135 3236 221 3302 μτήν,
239 3252 293 3302 qun
306 3243 422 3299 utraque
443 3236 583 3301 popularis
597 3238 680 3300 impe·

137 3309 173 3358 rii
189 3307 231 3355 ris
247 3323 279 3357 ac
293 3307 368 3356 notio
382 3305 545 3360 declaratur.
558 3307 611 3356 iarn
625 3321 680 3354 mo-

136 3377 246 3426 nuimus
258 3376 292 3425 ad
304 3377 358 3428 111.
369 3375 412 3438 82,
425 3375 472 3424 nbi
484 3376 539 3426 vid.
553 3381 622 3425 nott.
636 3375 680 3424 Iu-

135 3447 231 3496 ‹lieant
241 3461 305 3496 vero
321 3444 390 3494 tales
404 3447 572 3508 sententiae,
586 3444 680 3510 quales

135 3516 182 3566 hic
201 3514 258 3566 illio
278 3531 325 3579 per
338 3516 477 3564 Musarum
500 3515 583 3565 libros
602 3528 680 3579 spor·

136 3585 368 3648 serimentum,
395 3585 535 3650 scriptoris
561 3585 679 3634 animum

134 3657 170 3704 ab
186 3655 259 3704 omni
281 3657 339 3704 sive
357 3657 438 3704 nnius
457 3656 514 3706 sive
533 3669 679 3717 paucorum

136 3725 366 3790 optimatiumque
383 3724 496 3789 imperio
513 3725 630 3774 alienum
653 3727 680 3773 et

134 3793 260 3860 populari
287 3796 345 3844 sive
375 3793 573 3854 democretioo,
607 3793 679 3860 quod

134 3863 218 3928 vulgo
230 3864 341 3925 dieunt,
354 3865 480 3928 regimini
500 3863 615 3914 maxime
634 3862 681 3911 ad-

135 3935 249 3994 dietum,
259 3934 374 3998 indeque
384 3949 417 3984 eo
428 3935 599 3994 scribentem,
610 3947 680 3998 quoe

135 4003 210 4052 haud
224 4004 282 4053 seio
296 4021 331 4052 an
354 4005 455 4053 iustum
475 4003 582 4054 modum
603 4019 680 4052 exce-

136 4074 201 4124 dere
212 4073 370 4123 videoutur:
385 4074 484 4122 etenim
492 4072 680 4133 Athenienses,

136 4157 251 4198 qnorum
269 4143 418 4208 potentiam
438 4157 556 4209 opesque
576 4157 623 4206 per
638 4143 682 4191 Pi·

736 1445 770 1480 ne
785 1428 958 1489 inclaruisse,
982 1445 1041 1480 cnm
1063 1445 1080 1478 a
1092 1428 1277 1478 Pisistratidis

736 1504 828 1549 essent
841 1497 965 1556 liberati3
986 1499 1018 1549 ds
1032 1515 1086 1564 qua
1101 1514 1130 1548 re
1143 1498 1179 1548 cf.
1195 1499 1277 1546 etiarn

735 1583 806 1633 quae
815 1568 1011 1618 iudicatGrote'
1018 1585 1024 1618 :
1037 1569 1151 1630 History
1159 1567 1190 1616 oi
1196 1568 1277 1617 Grec·

736 1653 767 1688 co
781 1639 828 1688 lV.
842 1655 867 1702 p.
881 1639 940 1687 223.
969 1639 1009 1688 Dc
1023 1638 1154 1688 Herodoti
1167 1641 1276 1686 senten·

737 1709 786 1768 tia,
799 1723 878 1773 quem
891 1707 1077 1771 interceptu
1094 1709 1135 1756 ita
1147 1706 1276 1772 quodem·

737 1777 815 1826 modo
828 1779 972 1840 repetitam
986 1778 1152 1836 invenimus,
1167 1775 1276 1839 stipsis

735 1847 876 1912 Spartanis
888 1848 1032 1906 tribuatur,
1041 1849 1087 1910 qui
1095 1845 1275 1896 Athenienses

735 1933 751 1965 a
764 1918 888 1981 tyrannis
902 1932 1010 1981 pressos
1023 1917 1141 1966 infirmos
1153 1915 1212 1964 iore
1223 1913 1276 1963 sibi

735 1991 938 2048 persuaserant,
954 1987 990 2035 ci.
1003 1987 1085 2034 etiam
1099 1999 1182 2050 supra
1189 1987 1222 2047 V,
1231 1983 1274 2035 00.

734 2057 777 2106 ut.
798 2059 822 2118 §-
847 2057 855 2105 1
878 2061 906 2104 et
925 2055 1030 2104 Alberti
1047 2055 1080 2105 de
1097 2053 1201 2118 Jongh:
1231 2053 1274 2103 De

733 2125 867 2174 Herodoti
890 2123 1041 2188 philosoph.
1060 2139 1122 2188 pag.
1148 2123 1196 2174 132
1216 2137 1273 2187 seq.

733 2195 787 2244 Hic
797 2192 868 2242 eddo
879 2194 991 2242 similem
1001 2193 1101 2256 Ephori
1111 2191 1274 2243 sententiam

732 2263 807 2327 apud
819 2263 942 2312 Strabon.
958 2263 990 2312 Χ.
1008 2277 1034 2325 p.
1048 2261 1099 2312 480
1111 2278 1134 2312 ε.
1151 2259 1201 2311 735
1216 2277 1274 2323 seq.

734 2332 743 2384 I
747 2347 807 2396 pag.
820 2332 867 2382 105
882 2333 988 2396 Frsgm.
1000 2329 1138 2395 edMerx)
1152 2327 1235 2378 δοκεῖ
1243 2323 1276 2378 δέ

734 2415 822 2464 φησιν
842 2393 857 2450 ό
876 2395 1037 2464 νομοθέτης
1056 2395 1186 2464 μέγιστον
1205 2391 1274 2446 irno-

733 2470 840 2520 θέσδαι
860 2471 923 2528 τοίς
946 2460 1062 2518 πόλεσιν
1088 2457 1202 2531 ἀγαθόν
1220 2459 1274 2531 τὴν

733 2531 913 2602 ἐλευθερίαν·
927 2531 1021 2603 μόνην
1031 2531 1083 2602 peip
1092 2529 1198 2600 rodeno
1212 2533 1274 2585 ίδιτι

734 2613 829 2658 ποιεῖν
843 2607 901 2658 τεόν
914 2603 1096 2672 κτησαμένων
1114 2601 1148 2655 τὰ
1165 2597 1273 2670 οἱχαθδτ,

732 2672 767 2728 τὰ
777 2669 807 2728 δ’
816 2673 845 2727 έν
857 2677 971 2746 δουλείᾳ
982 2676 1038 2728 τεόν
1049 2667 1204 2742 ἀρχόντων,
1211 2666 1272 2723 ἀλλ’

733 2741 796 2814 οόχλ
806 2747 863 2798 τόν
873 2740 1036 2812 ἀρχομένων
1048 2739 1131 2796 εἶναι.
1155 2745 1210 2797 Ubi
1219 2745 1275 2795 He-

733 2820 823 2869 rodoti
834 2819 910 2869 Iocus
928 2835 983 2868 non
996 2819 1068 2882 Ingit
1087 2818 1272 2880 interpretem.

767 2883 794 2938 εί
807 2884 855 2937 καλ
869 2879 1015 2952 Ἀθηναῖοι
1035 2877 1274 2945 τυραννευόμενοι

733 2975 759 3011 κ,
773 2974 796 3006 τ.
811 2957 846 3024 λ.]
874 2957 906 3007 In
922 2959 964 3007 his
980 2971 1039 3008 curn
1055 2955 1215 3006 Florentino
1229 2953 1274 3003 de-

734 3029 761 3077 di
778 3016 851 3092 ἦσαν
867 3043 916 3092 pro
932 3021 1008 3078 ἔστιν.
1040 3025 1082 3075 Ad
1101 3017 1136 3073 rol
1154 3017 1274 3084 πολέμια
1327 3028 1332 3037 ·

730 3099 767 3148 ci.
781 3105 851 3148 nott.
865 3097 900 3146 ad
916 3097 971 3158 III,
990 3099 1005 3145 4
1020 3095 1095 3146 etad
1112 3085 1197 3150 αότός
1210 3089 1274 3142 ’ἐκα-

731 3181 795 3224 στος
808 3161 902 3227 ε’ωυτῷ
913 3166 1015 3227 111,8·2.
1040 3156 1223 3228 κατεχόμενοι
1234 3162 1273 3210 di·

729 3241 828 3287 cuntur
846 3236 1042 3295 Athenienses,
1065 3232 1175 3298 quando
1193 3249 1210 3281 τι
1231 3237 1272 3293 ty-

730 3307 823 3356 rannis
833 3306 1008 3356 eontinentur
1021 3311 1049 3355 et
1058 3307 1214 3368 premuntur
1223 3317 1272 3351 neo

730 3377 843 3426 liberum
857 3375 975 3424 animum
989 3373 1130 3440 acquirere
1147 3378 1271 3436 possunt,

731 3462 783 3512 qno
804 3446 840 3494 ad
858 3459 901 3494 res
919 3445 1027 3494 fortiter
1053 3441 1184 3507 gerendos
1204 3441 1271 3490 inci-

730 3519 835 3566 tentur:
854 3514 917 3563 inde
928 3503 1123 3566 ἐθελοκάκεον,
1137 3513 1155 3560 i.
1167 3527 1190 3562 e.
1202 3515 1273 3574 ipun-

729 3589 794 3635 or'ter
806 3599 848 3634 res
859 3599 920 3632 suos
929 3582 1075 3648 peredeum.
1089 3581 1172 3630 iortes
1183 3581 1210 3629 in
1223 3595 1272 3644 pu-

729 3655 839 3719 gnnnrlo
855 3669 883 3702 se
902 3669 955 3702 οοο
974 3651 1146 3702 exhibebant.
1182 3651 1271 3715 Atque

729 3726 816 3774 utitur
833 3723 884 3772 hoc
904 3722 986 3772 verbo
1002 3725 1102 3772 Noster
1122 3719 1185 3770 aliis
1204 3735 1270 3784 qno-

729 3809 781 3858 que
800 3793 867 3843 looin
884 3792 982 3854 1‚1·27.
1003 3791 1111 3854 VI,15.
1130 3789 1213 3850 VIII,
1226 3790 1269 3839 λλ.

729 3863 772 3914 00.
791 3864 834 3912 85.
855 3863 908 3922 IX,
921 3862 964 3910 07,
1000 3861 1062 3912 Alia
1079 3861 1155 3910 dabit
1167 3857 1271 3908 Granis.

730 3933 765 3982 οδ
780 3933 896 3982 lurciani
908 3931 999 3982 Somn.
1020 3947 1046 3996 p.
1065 3927 1191 3980 3420011.
1207 3929 1271 4004 Bre-

730 4004 792 4052 dor.
806 4019 831 4067 p.
845 4001 904 4052 818.
918 4029 950 4037 -
966 4002 1018 4050 Ρτο
1029 4000 1101 4062 vulg.
1113 3994 1272 4057 προθυμεο-

729 4086 761 4121 το
772 4091 794 4126 ι.
804 4063 1000 4133 προόθυμέετο
1011 4069 1072 4120 dedi
1080 4083 1138 4117 cunr
1146 4063 1271 4114 Iielrlrero

730 4129 953 4201 προεθυμέετο,
969 4139 1101 4203 probante
1114 4133 1229 4185 Bredov.
1242 4147 1268 4194 p.

135 4212 476 4276 sistratiriarumtempora
494 4211 607 4262 multum
624 4227 682 4261 cre·
730 4213 790 4262 288.
827 4211 894 4260 Cum
912 4209 1002 4259 verbis
1025 4221 1099 4271 seqq.
1120 4191 1271 4265 odontitis

134 4283 211 4332 visse
227 4283 323 4348 negari
342 4281 452 4352 nequit,
472 4297 520 4347 per
535 4281 602 4331 haee
622 4281 682 4346 ipsa
731 4296 784 4329 νυν
800 4276 887 4328 ταῦτα
901 4271 1044 4342 ἔπρησσον
1064 4288 1219 4338 comparare
1240 4273 1271 4322 li·

135 4357 262 4415 tempore
273 4351 369 4404 scribit
381 4351 463 4402 rebus
473 4351 578 4403 bellicis
591 4352 681 4400 minus
731 4357 775 4401 cet
787 4350 844 4412 ΙΙΙ,
858 4351 890 4397 ’λδ
902 4349 949 4398 tin.
970 4339 985 4396 ὁ
998 4340 1048 4408 μὶν
1065 4335 1111 4393 ἔπ’
1129 4335 1272 4403 Albiones

731 4411 828 4475 στόλος
840 4409 914 4468 οὕτω
928 4410 1039 4482 ἔπρηξε.

136 4420 307 4486 excelluisse,
321 4425 349 4474 et
358 4425 415 4472 tum
426 4421 531 4472 demum
543 4419 682 4472 tortitudi-
