2958 5010
235 341 296 401 ττο
667 339 933 416 nunonem

236 523 292 593 λος
321 511 484 616 ποταμὸς,
511 518 558 606 τῷ
583 510 711 602 οὕνομα
732 505 838 582 κειται
859 513 991 601 Δύρας,
1018 510 1078 582 τὸν
1103 516 1306 600 βοηθέοντα
1339 518 1391 606 τῷ

230 613 390 704 Ἡρακλέϊ
411 623 577 710 καιομένῳ
593 618 689 705 λόγος
706 618 775 686 ἐστὶ
794 613 1018 705 ἀναφανῆναι.
1046 615 1112 686 ἀπὸ
1129 617 1166 684 dl
1186 618 1321 686 τούτου
1337 615 1386 684 dr’

235 717 347 790 ἄλλων
363 730 469 790 εἴκοσι
482 726 629 790 σταδίων
644 719 742 799 ἄλλος
756 720 900 809 ποταμός
915 724 1001 806 ἐστι,
1022 716 1059 799 ὃς
1073 722 1231 788 καλέεται
1246 723 1388 798 Μέλας.

236 921 364 988 rupibus,
377 921 432 971 trie
447 920 504 971 iere
517 924 704 986 eutqusttuor
716 919 778 968 mil·
827 925 928 982 moret,
950 917 1043 984 quales
1057 919 1174 982 inerint.
1197 919 1322 970 difficile
1343 927 1388 970 est

235 991 315 1041 lieris
333 989 471 1055 (Anglicu)
493 991 589 1041 obesse
612 991 721 1040 dicetur
741 989 775 1038 sb
827 989 910 1039 dictu.
936 987 1051 1052 Krieglr.
1066 987 1085 1042 l.
1098 989 1115 1038 l.
1132 1005 1196 1056 peg.
1209 992 1246 1039 24
1263 990 1325 1039 bue
1345 1005 1388 1041 re·

237 1064 351 1126 entique
370 1075 418 1110 ore
439 1062 579 1125 omnisque
602 1063 678 1126 regio
695 1058 775 1123 plene
827 1058 882 1108 fert
895 1064 1024 1123 quattuor
1037 1059 1124 1122 rivos,
1146 1061 1193 1125 qui
1207 1060 1276 1109 inde
1289 1076 1309 1109 s
1322 1060 1386 1108 ion-

236 1130 681 1195 ulismuuncpruebestspeciem.
697 1129 777 1179 Hunc
826 1130 900 1178 tibus
927 1127 1167 1194 Thermopylarum
1200 1128 1309 1180 calidis
1341 1144 1387 1179 ns-

237 1205 356 1250 tructum
373 1215 422 1265 per
435 1200 549 1250 hiemem
564 1201 669 1264 stagnis
683 1214 715 1248 sc
728 1213 776 1263 pa·
828 1214 880 1263 que
892 1197 927 1247 sd
939 1197 1063 1262 Sperchii
1075 1205 1185 1263 pontem
1197 1199 1385 1248 effunduntur

236 1269 346 1320 ludihus
376 1269 504 1319 refertum
538 1269 672 1333 permeeri
704 1267 776 1317 hund
825 1269 854 1316 iu
873 1267 1046 1332 Sperchium‚
1067 1273 1138 1319 teste
1159 1268 1251 1319 Gellio
1272 1270 1383 1334 Anglo:

237 1355 317 1405 posse
330 1340 438 1390 dicunt:
454 1354 501 1404 per
513 1342 655 1398 aestatem,
668 1337 776 1402 quando
826 1351 988 1402 quemquem
1003 1341 1159 1388 accuratius
1172 1339 1200 1388 iu
1213 1339 1274 1388 istc
1287 1341 1386 1403 inqui·

237 1411 377 1460 exsiccata
393 1417 457 1458 sunt
469 1409 573 1469 omnis,
594 1408 732 1457 commode
748 1407 776 1456 id
826 1421 885 1456 rere
899 1408 946 1456 vix
959 1411 1049 1456 vscet.
1072 1408 1147 1460 ,sud
1162 1409 1260 1458 Leuke
1275 1409 1295 1458 l.
1307 1409 1328 1456 1.
1343 1409 1382 1458 11.

236 1479 328 1532 ,iecere
348 1479 422 1527 licet.
454 1476 669 1530 VidDodwell:
692 1477 775 1527 Reise
825 1491 853 1540 p.
866 1477 897 1526 10
910 1477 1045 1540 seqqu.
1058 1478 1294 1542 p.515seq.5'll.
1325 1477 1384 1527 ,rre-

237 1549 262 1597 d.
279 1546 387 1598 Griech.
404 1547 432 1596 11
442 1548 488 1607 ‚1.
510 1560 570 1610 sep.
588 1546 628 1596 18.
647 1561 707 1610 psg.
726 1544 775 1596 137
824 1548 885 1594 lanu
918 1545 1084 1596 amniculum
1115 1546 1240 1612 appellet
1276 1547 1382 1597 Livius

236 1611 278 1666 ed.
286 1615 375 1666 Germ.
387 1632 412 1680 p.
428 1615 495 1675 140„
505 1615 597 1665 Leuke
607 1616 624 1665 1.
636 1615 655 1666 l.
664 1615 702 1665 11.
711 1631 774 1680 psg.
825 1615 940 1666 XXXVI
944 1651 951 1678 ,
967 1617 1009 1666 22.

238 1686 271 1736 16
284 1694 360 1750 seqq.
402 1684 456 1745 Qui
475 1683 538 1733 olim
556 1701 573 1734 s
589 1688 777 1750 septentrione

235 1753 364 1820 Pylsrum
374 1755 624 1819 propeAuticyrem
634 1769 688 1804 uon
696 1754 776 1819 longe
861 1745 913 1802 τὸν
924 1749 1087 1819 βοηθέοντα
1100 1750 1138 1818 τῷ
1146 1743 1286 1816 Ἡρακλέι·
1297 1767 1382 1802 suro·

237 1841 254 1874 s
266 1825 393 1874 Zeituuio
408 1823 509 1889 oppido
521 1825 590 1874 meri
602 1840 632 1876 ee
644 1823 778 1876 miscebat
827 1815 901 1888 μένῳ
914 1837 941 1873 κ.
956 1837 980 1872 τ.
995 1819 1030 1886 λ.]
1052 1822 1205 1873 Articulum
1218 1820 1279 1890 τῷ.
1294 1839 1380 1888 quw

235 1894 386 1958 Sperchius,
408 1894 432 1943 is
451 1893 535 1944 multo
550 1893 615 1944 limo
633 1894 711 1945 ostiis
729 1895 777 1944 cb·
826 1891 1002 1956 neglexerunt
1017 1890 1147 1942 Schsefer
1163 1898 1249 1957 etque
1261 1892 1379 1955 Marcu,

236 1965 309 2015 iectu
327 1979 399 2014 nunc
420 1964 505 2028 magis
525 1964 664 2015 meridiem
681 1979 776 2015 versus
827 1976 887 2012 cum
904 1967 1018 2012 recenti.
1041 1961 1103 2012 edd.
1122 1961 1230 2012 sdscivi
1255 1977 1272 2012 e
1291 1963 1379 2028 pluri-

236 2035 307 2085 flexc
327 2048 407 2084 cursu
425 2049 458 2083 sc
475 2039 599 2085 tortuoso
617 2033 727 2083 tendere
749 2039 777 2083 et
827 2031 876 2080 bus
898 2031 976 2082 codd.
997 2024 1079 2095 λόγος
1100 2022 1157 2080 ἐστὶ
1177 2032 1213 2081 ub
1228 2032 1379 2082 Herodoto

238 2108 335 2154 suctus
348 2105 383 2155 iie
395 2104 502 2166 fluviis,
517 2119 584 2170 quos
595 2106 678 2154 vocet
689 2103 776 2154 Hero·
827 2101 891 2165 poni
912 2102 941 2150 in
963 2116 1051 2152 rerum
1071 2100 1262 2152 fabulosarum
1279 2115 1379 2152 nme·

237 2174 328 2236 dotus,
343 2175 429 2237 Dyme,
443 2172 559 2234 Melane,
576 2173 676 2238 Asopo,
690 2171 776 2222 Phoe·
827 2170 901 2219 tione
913 2171 1039 2221 observet
1048 2170 1177 2221 Vslclren.
1188 2171 1313 2222 laudens
1325 2171 1378 2233 111,

237 2244 313 2306 nice,
346 2258 364 2292 e
395 2243 506 2293 meridie
536 2242 776 2307 Thermopylarum
826 2239 852 2290 5.
869 2240 926 2290 116.
939 2240 991 2289 vn
1001 2239 1080 2302 ,126
1118 2243 1211 2306 Atque
1223 2241 1377 2292 Herculem

237 2327 323 2378 prope
339 2311 471 2376 Alpeunm
493 2327 567 2362 mere
585 2312 698 2377 ingredi·
711 2312 778 2362 dici·
827 2310 855 2358 in
867 2308 938 2360 Oete
955 2310 1071 2360 flammis
1084 2310 1260 2375 sbsumptum
1280 2311 1376 2376 plures

238 2388 296 2444 tur,
327 2383 436 2432 nomine
463 2383 576 2433 Hellcdu
604 2399 626 2434 s.
652 2381 778 2440 Eliadum·
827 2385 1038 2428 commemorent
1055 2381 1219 2445 scriptores,
1242 2396 1316 2446 quoe
1338 2382 1377 2432 ci·

238 2465 403 2517 quemquem
419 2451 463 2501 vel
486 2452 526 2501 ibi
544 2450 655 2502 multem
676 2457 776 2502 terrem
827 2453 889 2498 tunt
903 2447 1090 2502 Hemsterhus.
1110 2451 1144 2499 ed
1163 2451 1282 2500 Lucien.
1301 2453 1374 2500 Tim.

238 2520 375 2584 hodieque
394 2521 536 2586 adgestum
560 2537 620 2572 esse
642 2527 776 2572 usserunt.
827 2520 851 2568 7.
869 2519 901 2568 Τ.
913 2520 934 2571 1.
949 2533 974 2583 p.
987 2517 1038 2569 348
1052 2525 1079 2568 et
1090 2519 1244 2570 Tsschuclr.
1257 2520 1296 2569 sd
1308 2521 1372 2572 liei.

237 2591 298 2641 vid.
317 2592 419 2640 Kruse:
439 2589 533 2640 Helles
548 2591 590 2652 11,
603 2593 628 2640 2.
649 2605 709 2656 pug.
729 2591 777 2642 129
826 2587 864 2649 11,
880 2588 906 2638 3.
923 2591 947 2652 §.
963 2593 979 2637 2
995 2593 1064 2638 nott.
1085 2604 1179 2654 exegg.
1200 2605 1226 2654 p.
1248 2591 1300 2640 175
1315 2607 1374 2655 seq.

238 2659 300 2711 coll.
313 2663 449 2712 Munnert.
461 2661 522 2712 v11.
537 2676 563 2725 p.
575 2663 625 2711 617
637 2668 665 2710 et
677 2661 724 2726 qui
734 2675 777 2710 se·
826 2658 919 2722 Neque
932 2658 1025 2708 eodem
1042 2673 1097 2709 non
1112 2659 1249 2723 pertinere
1266 2660 1375 2724 Sopho·

238 2729 777 2795 curatissimedehocfluviodisputsvit
826 2725 875 2778 clis
902 2727 1039 2786 sabulum,
1069 2743 1139 2794 quse
1156 2727 1373 2781 Trechinisrum

237 2798 349 2863 Krieglr.
362 2800 404 2849 De
418 2797 557 2850 Mulieres.
575 2813 600 2862 p.
614 2799 725 2850 20-24.
743 2799 775 2849 27
825 2799 934 2849 nomine
953 2797 1126 2861 inscribitur,
1150 2801 1219 2848 sstis
1243 2807 1372 2850 constet:

237 2884 306 2934 seq,
321 2867 412 2918 Leuke
428 2866 445 2915 1.
462 2866 479 2915 1.
494 2881 557 2931 pug.
572 2867 603 2917 lh
615 2881 672 2932 seq.
694 2875 721 2918 et
733 2884 776 2918 su·
825 2867 872 2916 ubi
882 2867 949 2918 bene
966 2873 1058 2918 monet
1071 2867 1273 2919 Schneidewin.
1285 2871 1313 2918 iu
1326 2869 1372 2920 ln·

237 2953 287 3002 prs
303 2941 372 2986 nott.
387 2935 421 2985 sd
434 2935 503 2997 VII,
520 2935 568 2986 176
587 2936 680 3002 ibique
700 2938 776 2988 eddi-

236 3015 292 3057 tem
304 3003 435 3066 tsbulsm,
454 3019 486 3054 ex
499 3019 552 3069 qus
563 3003 630 3055 hsec
640 3007 709 3058 bene
719 3021 777 3057 cer-

236 3092 300 3127 nere
313 3075 385 3126 licet.
427 3075 468 3124 De
481 3075 621 3125 Eninuibus
636 3077 690 3126 vid.
705 3081 775 3130 nott.

236 3146 269 3196 sd
286 3144 357 3205 VII,
372 3143 421 3196 132
441 3148 469 3194 et
482 3143 517 3194 ud
529 3160 610 3197 voces
624 3140 672 3194 διὰ
684 3143 778 3196 εέκοοί

236 3229 288 3264 κου
303 3211 426 3262 σταδίων
439 3217 508 3265 nott.
523 3214 632 3277 cdvii,
647 3215 690 3269 30.

268 3283 308 3349 τῳ·
328 3274 439 3347 οὕνομα
457 3284 546 3332 κεῖται
562 3276 669 3351 Δέρας]
696 3285 775 3336 81τοί-

826 2935 996 2988 troductione
1016 2937 1051 2987 sd
1071 2935 1142 2988 hunc
1160 2937 1286 2988 iebulsm
1306 2955 1370 3005 pag.

819 3006 857 3056 ·11
873 3005 915 3057 ed.
925 3021 992 3069 sec,
1006 3006 1076 3057 bunc
1089 3007 1188 3058 ismsm
1201 3007 1236 3058 de
1248 3009 1371 3060 Hercule

824 3075 940 3126 flammis
956 3081 1116 3143 consumpto
1129 3077 1157 3128 in
1171 3077 1260 3129 Octse
1276 3087 1370 3130 moute

824 3145 940 3210 indeque
960 3149 989 3196 in
1005 3145 1148 3212 Olympum
1165 3154 1262 3199 erecto
1280 3149 1371 3200 rideri

823 3217 960 3280 propriam
971 3219 1062 3280 gentis
1069 3217 1186 3267 Doricse
1195 3223 1222 3269 et
1230 3217 1267 3266 sd
1277 3219 1369 3283 prisce

825 3285 960 3348 pertinere
968 3293 1104 3350 tempore:
1117 3301 1189 3352 quse
1198 3286 1273 3336 ieme
1284 3301 1370 3354 qusu-

235 3352 269 3402 lis
282 3351 383 3403 locutio
394 3354 442 3413 IV,
455 3353 504 3405 184
515 3353 573 3418 (ubi
583 3353 703 3406 Ionicum
716 3349 774 3404 κέε-

235 3420 293 3486 ται)
311 3424 378 3484 Vll,
392 3421 451 3472 200.
465 3422 525 3474 216.
562 3423 640 3486 Quod
653 3424 679 3476 ir.
695 3424 712 3474 1.
729 3441 774 3474 ee·

236 3507 287 3556 que
303 3497 386 3556 utque
398 3493 468 3554 vn,
485 3493 537 3544 266
556 3495 584 3542 in
603 3495 726 3545 omnibus
742 3494 775 3544 li·

235 3561 290 3611 bris
308 3563 419 3625 scriptis
436 3561 574 3612 iuvenitur
592 3565 696 3627 κεῖται,
720 3579 775 3614 mn·

235 3635 295 3680 tere
321 3631 395 3680 uolui
417 3633 443 3678 in
467 3631 574 3692 κέεται,
604 3633 675 3697 quod
700 3634 775 3684 dedit

234 3699 357 3749 Distsch.
372 3706 483 3750 secutus
496 3701 659 3754 Bredoviuru
674 3719 699 3768 p.
713 3703 772 3765 377,

234 3785 284 3820 nec
296 3769 384 3834 megis
394 3775 498 3820 mutere
512 3765 691 3833 voluiiser'ro,
721 3773 774 3824 uod

234 3840 335 3905 legitur
344 3839 407 3901 Vll,
420 3838 476 3890 158.
492 3839 547 3890 176.
558 3840 617 3906 208,
631 3844 659 3892 in
670 3835 773 3893 ἐκειτοι

234 3911 348 3976 utrique
367 3911 438 3959 enim
456 3907 544 3958 torus
561 3911 589 3960 in
607 3911 708 3964 tslibus
719 3913 774 3964 No·

234 3984 369 4030 sternens
383 3995 444 4030 esse
458 3977 576 4030 videtur.
609 3983 648 4031 Ac
661 3982 773 4032 verbum

234 4047 378 4098 κεῖσθαι
394 4047 420 4097 h.
433 4047 452 4101 1.
466 4047 618 4113 siguificare
635 4067 692 4102 esse
708 4067 773 4102 con·

234 4117 323 4169 tendit
345 4117 510 4180 Lsrcherus‚
534 4119 624 4168 citsus
647 4120 771 4184 Euripid.

232 4187 338 4238 Recub.
356 4187 386 4238 16
402 4192 430 4238 et
441 4185 538 4240 Athen.
553 4188 582 4250 1,
603 4188 642 4238 11.
657 4203 683 4253 p.
701 4189 771 4240 130.

232 4257 303 4310 sed.
314 4256 440 4322 Sophocl.
450 4257 541 4323 Antig.
553 4257 604 4308 455
614 4256 694 4308 Both.
704 4259 770 4310 Oed.

233 4325 265 4377 R.
280 4326 345 4387 467,
364 4341 398 4377 ne
413 4326 498 4391 pluro.
529 4327 587 4378 lum
607 4342 669 4378 vero
692 4333 771 4393 qust-

233 4398 298 4446 tuor
310 4393 351 4444 illi
363 4397 449 4460 duvii,
462 4411 530 4461 quos
540 4397 640 4448 Noster
657 4413 770 4449 comme·

825 3359 880 3404 turn
909 3356 1017 3406 exculte
1041 3361 1069 3404 et
1094 3361 1247 3421 propegsts
1282 3357 1368 3406 fuerit

825 3429 935 3488 postere
955 3429 1047 3475 retste
1066 3427 1189 3490 ipsisque
1204 3426 1296 3490 politis
1311 3431 1369 3474 trs·

824 3491 892 3559 gicis
908 3495 1066 3558 praebuerit
1078 3502 1279 3560 argumentum,
1293 3494 1365 3545 bend

824 3579 912 3628 peuce
925 3564 1079 3620 declarent:
1094 3566 1211 3628 pertinet
1224 3565 1277 3615 huc
1288 3581 1366 3630 prse-

825 3639 867 3683 ter
879 3633 1022 3698 Sophoclis
1043 3633 1179 3697 sabulum,
1198 3649 1280 3700 quem
1299 3634 1366 3696 disi,

824 3703 964 3768 Spintheri
980 3702 1090 3766 fabule,
1117 3719 1187 3770 quse
1206 3703 1368 3754 inscribitur

819 3762 959 3838 Ἡρακλῆς
975 3764 1207 3837 περικαιόμενος,
1230 3787 1302 3824 nunc
1319 3774 1368 3825 de·

824 3843 938 3908 perdite.
977 3842 1032 3893 Sed
1047 3843 1116 3894 heec
1136 3842 1258 3909 pluribus
1275 3859 1367 3908 peree-

825 3915 871 3978 qui
889 3909 1006 3962 slisnnm
1024 3911 1134 3963 ridetur
1153 3929 1170 3962 τι
1187 3917 1282 3963 nostro
1305 3929 1368 3978 pro-

825 3982 928 4046 posito:
953 3981 1148 4044 Vulcsnicsm,
1164 3997 1245 4048 quum
1258 3982 1366 4046 dicunt,

824 4051 955 4101 montium
976 4049 1070 4101 borum
1090 4067 1122 4102 sc
1143 4055 1229 4102 totius
1243 4053 1366 4117 regionis

823 4125 963 4184 ustorum,
982 4135 1054 4186 ques
1070 4121 1115 4172 vel
1130 4120 1283 4172 eicotibus
1299 4121 1367 4172 esli-

822 4189 865 4240 dis
878 4191 1005 4255 cognosci
1017 4194 1123 4256 potest,
1139 4189 1195 4240 slis
1204 4195 1236 4240 nt
1245 4197 1367 4254 tesesm,

821 4259 933 4311 isbulse
945 4259 1075 4324 originem
1089 4259 1196 4310 dedisse
1210 4259 1282 4310 hsud
1294 4259 1366 4312 rusls

822 4335 942 4380 ststuere
968 4329 1076 4379 videtur
1096 4327 1222 4380 Vischer:
1249 4330 1366 4381 Erinus-

820 4413 915 4465 ruugg.
930 4413 980 4450 eus
990 4397 1143 4450 Grieclrenl.
1158 4413 1222 4464 pag.
1234 4397 1296 4450 646.
1321 4399 1366 4452 De
