<?xml version="1.0" encoding="UTF-8"?>
<!DOCTYPE html PUBLIC "-//W3C//DTD XHTML 1.0 Transitional//EN"
    "http://www.w3.org/TR/xhtml1/DTD/xhtml1-transitional.dtd">
<html xmlns="http://www.w3.org/1999/xhtml" xml:lang="en" lang="en">
 <head>
  <title>
</title>
<meta http-equiv="Content-Type" content="text/html;charset=utf-8" />
  <meta name='ocr-system' content='tesseract 3.04.00' />
  <meta name='ocr-capabilities' content='ocr_page ocr_carea ocr_par ocr_line ocrx_word'/>
</head>
<body>
  <div class='ocr_page' id='page_1' title='image "./herodotihalicar01bhgoog_0509.png"; bbox 0 0 3062 4986; ppageno 0'>
   <div class='ocr_carea' id='block_1_1' title="bbox 191 341 987 422">
    <p class='ocr_par' dir='ltr' id='par_1_1' title="bbox 191 341 987 422">
     <span class='ocr_line' id='line_1_1' title="bbox 191 341 987 422; baseline -0.003 -16"><span class='ocrx_word' id='word_1_1' title='bbox 191 342 253 407; x_wconf 81' lang='grc' dir='ltr'><strong>ιιι</strong></span> <span class='ocrx_word' id='word_1_2' title='bbox 624 341 892 404; x_wconf 82' lang='lat' dir='ltr'><strong>unnononr</strong></span> <span class='ocrx_word' id='word_1_3' title='bbox 978 405 987 422; x_wconf 75' lang='lat'>‚</span> 
     </span>
    </p>
   </div>
   <div class='ocr_carea' id='block_1_2' title="bbox 81 511 1427 1023">
    <p class='ocr_par' dir='ltr' id='par_1_2' title="bbox 190 511 1322 610">
     <span class='ocr_line' id='line_1_2' title="bbox 190 511 1322 610; baseline -0.002 -24"><span class='ocrx_word' id='word_1_4' title='bbox 190 516 246 586; x_wconf 81' lang='grc' dir='ltr'><strong><em>καὶ</em></strong></span> <span class='ocrx_word' id='word_1_5' title='bbox 260 514 410 586; x_wconf 80' lang='grc' dir='ltr'><strong><em>τούτοισί</em></strong></span> <span class='ocrx_word' id='word_1_6' title='bbox 428 536 465 586; x_wconf 86' lang='grc' dir='ltr'><strong><em>σε</em></strong></span> <span class='ocrx_word' id='word_1_7' title='bbox 485 512 549 603; x_wconf 73' lang='lat' dir='ltr'><strong>lyei</strong></span> <span class='ocrx_word' id='word_1_8' title='bbox 564 517 744 604; x_wconf 79' lang='grc' dir='ltr'><em>δωρέομαι·</em></span> <span class='ocrx_word' id='word_1_9' title='bbox 775 512 866 610; x_wconf 77' lang='grc' dir='ltr'><strong><em>αὐτῷ</em></strong></span> <span class='ocrx_word' id='word_1_10' title='bbox 884 513 916 586; x_wconf 86' lang='grc' dir='ltr'><strong>δ’</strong></span> <span class='ocrx_word' id='word_1_11' title='bbox 934 517 1005 603; x_wconf 79' lang='grc' dir='ltr'><strong><em>ἐμοὶ</em></strong></span> <span class='ocrx_word' id='word_1_12' title='bbox 1019 511 1085 586; x_wconf 75' lang='grc' dir='ltr'><strong>ἀπὸ</strong></span> <span class='ocrx_word' id='word_1_13' title='bbox 1099 511 1322 604; x_wconf 73' lang='grc' dir='ltr'><strong><em>ἀνδραπόδων</em></strong></span> 
     </span>
    </p>

    <p class='ocr_par' dir='ltr' id='par_1_3' title="bbox 143 616 1320 708">
     <span class='ocr_line' id='line_1_3' title="bbox 143 616 1320 708; baseline 0 -20"><span class='ocrx_word' id='word_1_14' title='bbox 143 627 225 690; x_wconf 84' lang='grc' dir='ltr'><strong><em>29τε</em></strong></span> <span class='ocrx_word' id='word_1_15' title='bbox 242 621 299 688; x_wconf 79' lang='grc' dir='ltr'><strong><em>καὶ</em></strong></span> <span class='ocrx_word' id='word_1_16' title='bbox 313 617 650 706; x_wconf 77' lang='grc' dir='ltr'><strong><em>γεωπεδίωνᾶριιέων</em></strong></span> <span class='ocrx_word' id='word_1_17' title='bbox 663 621 731 688; x_wconf 77' lang='grc' dir='ltr'><strong><em>ἐστὶ</em></strong></span> <span class='ocrx_word' id='word_1_18' title='bbox 745 627 827 708; x_wconf 85' lang='grc' dir='ltr'><strong><em>βίος.</em></strong></span> <span class='ocrx_word' id='word_1_19' title='bbox 861 616 896 688; x_wconf 89' lang='lat'><strong>‘0</strong></span> <span class='ocrx_word' id='word_1_20' title='bbox 910 619 972 707; x_wconf 73' lang='grc' dir='ltr'><strong><em>μέν</em></strong></span> <span class='ocrx_word' id='word_1_21' title='bbox 987 624 1089 688; x_wconf 87' lang='grc' dir='ltr'><strong><em>ταῦτα</em></strong></span> <span class='ocrx_word' id='word_1_22' title='bbox 1105 625 1214 707; x_wconf 78' lang='grc' dir='ltr'><strong><em>ἔλεγε·</em></strong></span> <span class='ocrx_word' id='word_1_23' title='bbox 1237 621 1320 708; x_wconf 77' lang='grc' dir='ltr'><strong><em>Ξέρ-</em></strong></span> 
     </span>
    </p>

    <p class='ocr_par' dir='ltr' id='par_1_4' title="bbox 81 719 1427 915">
     <span class='ocr_line' id='line_1_4' title="bbox 81 719 1321 812; baseline 0 -20"><span class='ocrx_word' id='word_1_24' title='bbox 81 767 83 770; x_wconf 57' lang='lat'>&gt;</span> <span class='ocrx_word' id='word_1_25' title='bbox 191 727 247 812; x_wconf 79' lang='grc' dir='ltr'><strong>ξης</strong></span> <span class='ocrx_word' id='word_1_26' title='bbox 261 721 300 792; x_wconf 68' lang='grc' dir='ltr'><strong>δὲ</strong></span> <span class='ocrx_word' id='word_1_27' title='bbox 311 719 429 812; x_wconf 77' lang='grc' dir='ltr'><strong><em>ἡσθεὶς</em></strong></span> <span class='ocrx_word' id='word_1_28' title='bbox 442 737 527 793; x_wconf 79' lang='grc' dir='ltr'><strong><em>τοῖσι</em></strong></span> <span class='ocrx_word' id='word_1_29' title='bbox 542 725 745 812; x_wconf 79' lang='grc' dir='ltr'><strong><em>εἰρημένοισι</em></strong></span> <span class='ocrx_word' id='word_1_30' title='bbox 759 721 848 792; x_wconf 81' lang='grc' dir='ltr'><strong><em>εἶπε·</em></strong></span> <span class='ocrx_word' id='word_1_31' title='bbox 876 726 974 800; x_wconf 65' lang='lat' dir='ltr'><strong>Estne</strong></span> <span class='ocrx_word' id='word_1_32' title='bbox 989 723 1097 806; x_wconf 76' lang='lat' dir='ltr'><strong>Aoni,</strong></span> <span class='ocrx_word' id='word_1_33' title='bbox 1115 721 1181 810; x_wconf 81' lang='grc' dir='ltr'><strong><em>έγιδ</em></strong></span> <span class='ocrx_word' id='word_1_34' title='bbox 1202 725 1277 792; x_wconf 79' lang='grc' dir='ltr'><strong><em>ἐπεί</em></strong></span> <span class='ocrx_word' id='word_1_35' title='bbox 1287 750 1321 792; x_wconf 88' lang='grc' dir='ltr'><strong><em>τε</em></strong></span> 
     </span>
     <span class='ocr_line' id='line_1_5' title="bbox 190 819 1427 915; baseline 0 -19"><span class='ocrx_word' id='word_1_36' title='bbox 190 831 333 915; x_wconf 77' lang='grc' dir='ltr'><strong><em>ἐξῆλθον</em></strong></span> <span class='ocrx_word' id='word_1_37' title='bbox 352 825 413 915; x_wconf 78' lang='grc' dir='ltr'><strong>τὴν</strong></span> <span class='ocrx_word' id='word_1_38' title='bbox 429 832 577 914; x_wconf 77' lang='grc' dir='ltr'><em>Περσίδα</em></span> <span class='ocrx_word' id='word_1_39' title='bbox 596 825 724 914; x_wconf 73' lang='grc' dir='ltr'><strong><em>χώρην,</em></strong></span> <span class='ocrx_word' id='word_1_40' title='bbox 746 823 861 897; x_wconf 79' lang='grc' dir='ltr'><strong><em>οὐδενί</em></strong></span> <span class='ocrx_word' id='word_1_41' title='bbox 883 824 983 914; x_wconf 70' lang='grc' dir='ltr'><strong><em>ἀνδρί</em></strong></span> <span class='ocrx_word' id='word_1_42' title='bbox 1008 828 1167 914; x_wconf 79' lang='grc' dir='ltr'><strong><em>συνέμιξα</em></strong></span> <span class='ocrx_word' id='word_1_43' title='bbox 1188 829 1220 907; x_wconf 81' lang='grc' dir='ltr'><strong>ές</strong></span> <span class='ocrx_word' id='word_1_44' title='bbox 1234 826 1322 910; x_wconf 88' lang='grc' dir='ltr'><strong><em>τόδε,</em></strong></span> <span class='ocrx_word' id='word_1_45' title='bbox 1422 819 1427 826; x_wconf 53' lang='grc'>’</span> 
     </span>
    </p>

    <p class='ocr_par' dir='ltr' id='par_1_5' title="bbox 190 924 1345 1023">
     <span class='ocr_line' id='line_1_6' title="bbox 190 924 1345 1023; baseline -0.003 -23"><span class='ocrx_word' id='word_1_46' title='bbox 190 927 280 1008; x_wconf 79' lang='grc' dir='ltr'><strong><em>ὅστις</em></strong></span> <span class='ocrx_word' id='word_1_47' title='bbox 304 927 449 1018; x_wconf 76' lang='grc' dir='ltr'><strong><em>ἠθέλησε</em></strong></span> <span class='ocrx_word' id='word_1_48' title='bbox 471 935 576 1014; x_wconf 83' lang='grc' dir='ltr'><strong><em>ξείνια</em></strong></span> <span class='ocrx_word' id='word_1_49' title='bbox 606 940 784 1017; x_wconf 68' lang='grc' dir='ltr'><strong><em>προθεῖναι</em></strong></span> <span class='ocrx_word' id='word_1_50' title='bbox 806 937 935 1023; x_wconf 77' lang='grc' dir='ltr'><strong><em>στρατῷ</em></strong></span> <span class='ocrx_word' id='word_1_51' title='bbox 960 934 1006 1023; x_wconf 76' lang='grc' dir='ltr'><strong><em>τῷ</em></strong></span> <span class='ocrx_word' id='word_1_52' title='bbox 1024 931 1109 1021; x_wconf 76' lang='grc' dir='ltr'><strong><em>έμῷ,</em></strong></span> <span class='ocrx_word' id='word_1_53' title='bbox 1135 924 1216 1000; x_wconf 71' lang='grc' dir='ltr'><strong><em>οὐδὲ</em></strong></span> <span class='ocrx_word' id='word_1_54' title='bbox 1234 925 1345 1010; x_wconf 80' lang='grc' dir='ltr'><strong><em>ὅστις’</em></strong></span> 
     </span>
    </p>
   </div>
   <div class='ocr_carea' id='block_1_3' title="bbox 191 1030 1324 1536">
    <p class='ocr_par' dir='ltr' id='par_1_6' title="bbox 191 1030 1324 1536">
     <span class='ocr_line' id='line_1_7' title="bbox 191 1030 1324 1122; baseline 0.001 -20"><span class='ocrx_word' id='word_1_55' title='bbox 191 1036 224 1114; x_wconf 85' lang='grc' dir='ltr'><strong>ές</strong></span> <span class='ocrx_word' id='word_1_56' title='bbox 246 1031 326 1116; x_wconf 78' lang='grc' dir='ltr'><strong><em>ὄψιν</em></strong></span> <span class='ocrx_word' id='word_1_57' title='bbox 346 1031 409 1122; x_wconf 80' lang='grc' dir='ltr'><strong>τὴν</strong></span> <span class='ocrx_word' id='word_1_58' title='bbox 432 1031 515 1122; x_wconf 81' lang='grc' dir='ltr'><strong><em>ἐμὴν</em></strong></span> <span class='ocrx_word' id='word_1_59' title='bbox 535 1031 715 1117; x_wconf 77' lang='grc' dir='ltr'><strong><em>καταστὰς,</em></strong></span> <span class='ocrx_word' id='word_1_60' title='bbox 745 1030 1012 1120; x_wconf 76' lang='grc' dir='ltr'><strong><em>αὐτεπάγγελτος</em></strong></span> <span class='ocrx_word' id='word_1_61' title='bbox 1032 1035 1065 1112; x_wconf 87' lang='grc' dir='ltr'><strong>ές</strong></span> <span class='ocrx_word' id='word_1_62' title='bbox 1091 1030 1150 1103; x_wconf 85' lang='grc' dir='ltr'><strong>τὸν</strong></span> <span class='ocrx_word' id='word_1_63' title='bbox 1177 1031 1324 1122; x_wconf 86' lang='grc' dir='ltr'><strong><em>πόλεμον</em></strong></span> 
     </span>
     <span class='ocr_line' id='line_1_8' title="bbox 191 1133 1321 1226; baseline -0.001 -20"><span class='ocrx_word' id='word_1_64' title='bbox 191 1137 264 1224; x_wconf 72' lang='grc' dir='ltr'><strong><em>ἐμοὶ</em></strong></span> <span class='ocrx_word' id='word_1_65' title='bbox 284 1133 429 1226; x_wconf 77' lang='grc' dir='ltr'><strong><em>ἠθέλησε</em></strong></span> <span class='ocrx_word' id='word_1_66' title='bbox 444 1137 677 1225; x_wconf 79' lang='grc' dir='ltr'><strong><em>συμβαλέσθαι</em></strong></span> <span class='ocrx_word' id='word_1_67' title='bbox 692 1136 858 1225; x_wconf 79' lang='grc' dir='ltr'><strong><em>χρήματα,</em></strong></span> <span class='ocrx_word' id='word_1_68' title='bbox 881 1141 942 1220; x_wconf 79' lang='grc' dir='ltr'><strong>ἔξω</strong></span> <span class='ocrx_word' id='word_1_69' title='bbox 957 1141 1026 1206; x_wconf 83' lang='grc' dir='ltr'><strong><em>σεῦ.</em></strong></span> <span class='ocrx_word' id='word_1_70' title='bbox 1059 1133 1102 1204; x_wconf 82' lang='grc' dir='ltr'>σύ</span> <span class='ocrx_word' id='word_1_71' title='bbox 1117 1137 1154 1206; x_wconf 71' lang='grc' dir='ltr'><strong>δὲ</strong></span> <span class='ocrx_word' id='word_1_72' title='bbox 1168 1137 1224 1206; x_wconf 77' lang='grc' dir='ltr'><strong><em>καὶ</em></strong></span> <span class='ocrx_word' id='word_1_73' title='bbox 1239 1139 1321 1219; x_wconf 80' lang='grc' dir='ltr'><strong><em>ἐξεί-</em></strong></span> 
     </span>
     <span class='ocr_line' id='line_1_9' title="bbox 191 1236 1321 1328; baseline 0 -18"><span class='ocrx_word' id='word_1_74' title='bbox 191 1264 286 1321; x_wconf 82' lang='grc' dir='ltr'><strong><em>νισας</em></strong></span> <span class='ocrx_word' id='word_1_75' title='bbox 300 1239 451 1328; x_wconf 74' lang='grc' dir='ltr'><strong><em>μεγάλως</em></strong></span> <span class='ocrx_word' id='word_1_76' title='bbox 471 1236 612 1327; x_wconf 86' lang='grc' dir='ltr'><strong><em>στρατὸν</em></strong></span> <span class='ocrx_word' id='word_1_77' title='bbox 634 1237 693 1309; x_wconf 88' lang='grc' dir='ltr'><strong>τὸν</strong></span> <span class='ocrx_word' id='word_1_78' title='bbox 714 1237 810 1328; x_wconf 83' lang='grc' dir='ltr'><strong><em>έμδν,</em></strong></span> <span class='ocrx_word' id='word_1_79' title='bbox 832 1241 888 1310; x_wconf 85' lang='grc' dir='ltr'><strong><em>καὶ</em></strong></span> <span class='ocrx_word' id='word_1_80' title='bbox 907 1238 1055 1328; x_wconf 79' lang='grc' dir='ltr'><strong><em>χρήματα</em></strong></span> <span class='ocrx_word' id='word_1_81' title='bbox 1077 1239 1204 1328; x_wconf 80' lang='grc' dir='ltr'><strong><em>μεγάλα</em></strong></span> <span class='ocrx_word' id='word_1_82' title='bbox 1218 1243 1321 1327; x_wconf 82' lang='grc' dir='ltr'><strong><em>έπαγ-</em></strong></span> 
     </span>
     <span class='ocr_line' id='line_1_10' title="bbox 191 1333 1323 1432; baseline 0 -19"><span class='ocrx_word' id='word_1_83' title='bbox 191 1345 334 1432; x_wconf 78' lang='grc' dir='ltr'><strong><em>γέλλεαι.</em></strong></span> <span class='ocrx_word' id='word_1_84' title='bbox 368 1344 421 1412; x_wconf 83' lang='grc' dir='ltr'><strong><em>σοὶ</em></strong></span> <span class='ocrx_word' id='word_1_85' title='bbox 438 1333 486 1412; x_wconf 68' lang='grc' dir='ltr'><strong><em>οἶν</em></strong></span> <span class='ocrx_word' id='word_1_86' title='bbox 507 1339 572 1432; x_wconf 65' lang='lat' dir='ltr'><strong>lyci</strong></span> <span class='ocrx_word' id='word_1_87' title='bbox 588 1339 662 1411; x_wconf 80' lang='grc' dir='ltr'><strong><em>ἄντί</em></strong></span> <span class='ocrx_word' id='word_1_88' title='bbox 676 1340 790 1412; x_wconf 75' lang='grc' dir='ltr'><strong><em>αὐτῶν</em></strong></span> <span class='ocrx_word' id='word_1_89' title='bbox 803 1344 903 1432; x_wconf 72' lang='grc' dir='ltr'><strong><em>γέρεα</em></strong></span> <span class='ocrx_word' id='word_1_90' title='bbox 917 1342 1029 1412; x_wconf 79' lang='grc' dir='ltr'><strong><em>τοιάδε</em></strong></span> <span class='ocrx_word' id='word_1_91' title='bbox 1044 1347 1184 1430; x_wconf 88' lang='grc' dir='ltr'><strong><em>δίδωμι·</em></strong></span> <span class='ocrx_word' id='word_1_92' title='bbox 1212 1344 1323 1425; x_wconf 74' lang='grc' dir='ltr'><strong><em>ξεῖνόν</em></strong></span> 
     </span>
     <span class='ocr_line' id='line_1_11' title="bbox 191 1444 1323 1536; baseline 0.002 -20"><span class='ocrx_word' id='word_1_93' title='bbox 191 1449 230 1516; x_wconf 86' lang='grc' dir='ltr'><strong><em>τέ</em></strong></span> <span class='ocrx_word' id='word_1_94' title='bbox 250 1470 287 1516; x_wconf 88' lang='grc' dir='ltr'><strong><em>σε</em></strong></span> <span class='ocrx_word' id='word_1_95' title='bbox 307 1451 464 1535; x_wconf 78' lang='grc' dir='ltr'><strong><em>ποιεῦμαι</em></strong></span> <span class='ocrx_word' id='word_1_96' title='bbox 489 1444 584 1535; x_wconf 85' lang='grc' dir='ltr'><strong><em>έμδν,</em></strong></span> <span class='ocrx_word' id='word_1_97' title='bbox 606 1448 662 1514; x_wconf 83' lang='grc' dir='ltr'><strong><em>καλ</em></strong></span> <span class='ocrx_word' id='word_1_98' title='bbox 683 1445 740 1526; x_wconf 79' lang='grc' dir='ltr'><strong><em>τὰς</em></strong></span> <span class='ocrx_word' id='word_1_99' title='bbox 758 1453 973 1536; x_wconf 82' lang='grc' dir='ltr'><strong><em>τετρακοσίας</em></strong></span> <span class='ocrx_word' id='word_1_100' title='bbox 994 1446 1159 1534; x_wconf 79' lang='grc' dir='ltr'><strong><em>μυριάδας</em></strong></span> <span class='ocrx_word' id='word_1_101' title='bbox 1179 1473 1229 1515; x_wconf 92' lang='grc' dir='ltr'><strong>τοι</strong></span> <span class='ocrx_word' id='word_1_102' title='bbox 1254 1453 1323 1518; x_wconf 78' lang='grc' dir='ltr'><strong>τῶν</strong></span> 
     </span>
    </p>
   </div>
   <div class='ocr_carea' id='block_1_4' title="bbox 126 1615 732 1878">
    <p class='ocr_par' dir='ltr' id='par_1_7' title="bbox 126 1615 731 1878">
     <span class='ocr_line' id='line_1_12' title="bbox 193 1615 731 1686; baseline -0.004 -18"><span class='ocrx_word' id='word_1_103' title='bbox 193 1615 241 1682; x_wconf 84' lang='lat' dir='ltr'><strong>(cs.</strong></span> <span class='ocrx_word' id='word_1_104' title='bbox 255 1619 282 1680; x_wconf 88' lang='lat'><strong>1,</strong></span> <span class='ocrx_word' id='word_1_105' title='bbox 293 1617 338 1683; x_wconf 81' lang='lat'><strong>93)</strong></span> <span class='ocrx_word' id='word_1_106' title='bbox 356 1622 383 1670; x_wconf 88' lang='lat' dir='ltr'><strong>et</strong></span> <span class='ocrx_word' id='word_1_107' title='bbox 396 1620 502 1686; x_wconf 84' lang='lat' dir='ltr'><strong>argenti</strong></span> <span class='ocrx_word' id='word_1_108' title='bbox 516 1618 561 1682; x_wconf 84' lang='lat' dir='ltr'><strong>(oi.</strong></span> <span class='ocrx_word' id='word_1_109' title='bbox 578 1619 616 1678; x_wconf 87' lang='lat' dir='ltr'><strong>V,</strong></span> <span class='ocrx_word' id='word_1_110' title='bbox 629 1615 674 1682; x_wconf 87' lang='grc'><strong>49)</strong></span> <span class='ocrx_word' id='word_1_111' title='bbox 692 1617 731 1666; x_wconf 84' lang='lat' dir='ltr'><strong>le-</strong></span> 
     </span>
     <span class='ocr_line' id='line_1_13' title="bbox 126 1686 730 1752; baseline -0.007 -14"><span class='ocrx_word' id='word_1_112' title='bbox 126 1715 129 1722; x_wconf 94' lang='lat'>·</span> <span class='ocrx_word' id='word_1_113' title='bbox 191 1689 349 1738; x_wconf 83' lang='lat' dir='ltr'><strong>raoissimae</strong></span> <span class='ocrx_word' id='word_1_114' title='bbox 363 1704 396 1738; x_wconf 88' lang='lat' dir='ltr'><strong>ac</strong></span> <span class='ocrx_word' id='word_1_115' title='bbox 408 1689 564 1740; x_wconf 87' lang='lat' dir='ltr'><strong>divitiarum</strong></span> <span class='ocrx_word' id='word_1_116' title='bbox 576 1688 669 1739; x_wconf 82' lang='lat' dir='ltr'><strong>Croesi</strong></span> <span class='ocrx_word' id='word_1_117' title='bbox 682 1686 730 1752; x_wconf 85' lang='lat' dir='ltr'><strong>(cf.</strong></span> 
     </span>
     <span class='ocr_line' id='line_1_14' title="bbox 192 1757 732 1824; baseline -0.002 -17"><span class='ocrx_word' id='word_1_118' title='bbox 192 1758 221 1817; x_wconf 89' lang='lat' dir='ltr'><strong>l,</strong></span> <span class='ocrx_word' id='word_1_119' title='bbox 235 1757 277 1811; x_wconf 86' lang='lat'><strong>30.</strong></span> <span class='ocrx_word' id='word_1_120' title='bbox 293 1757 327 1807; x_wconf 85' lang='grc'><strong>50</strong></span> <span class='ocrx_word' id='word_1_121' title='bbox 341 1757 422 1822; x_wconf 76' lang='lat' dir='ltr'><strong>ete),</strong></span> <span class='ocrx_word' id='word_1_122' title='bbox 443 1775 513 1824; x_wconf 88' lang='lat' dir='ltr'><strong>quas</strong></span> <span class='ocrx_word' id='word_1_123' title='bbox 525 1758 566 1808; x_wconf 85' lang='lat' dir='ltr'><strong>vel</strong></span> <span class='ocrx_word' id='word_1_124' title='bbox 582 1761 609 1808; x_wconf 95' lang='lat' dir='ltr'><strong>in</strong></span> <span class='ocrx_word' id='word_1_125' title='bbox 623 1773 732 1822; x_wconf 85' lang='lat' dir='ltr'><strong>prover·</strong></span> 
     </span>
     <span class='ocr_line' id='line_1_15' title="bbox 191 1826 731 1878; baseline -0.002 -2"><span class='ocrx_word' id='word_1_126' title='bbox 191 1827 263 1878; x_wconf 86' lang='lat' dir='ltr'><strong>bium</strong></span> <span class='ocrx_word' id='word_1_127' title='bbox 277 1828 377 1878; x_wconf 88' lang='lat' dir='ltr'><strong>abiisse</strong></span> <span class='ocrx_word' id='word_1_128' title='bbox 393 1833 516 1878; x_wconf 87' lang='lat' dir='ltr'><strong>constat:</strong></span> <span class='ocrx_word' id='word_1_129' title='bbox 541 1829 609 1878; x_wconf 86' lang='lat' dir='ltr'><strong>adeo</strong></span> <span class='ocrx_word' id='word_1_130' title='bbox 622 1832 652 1877; x_wconf 91' lang='lat' dir='ltr'><strong>ut</strong></span> <span class='ocrx_word' id='word_1_131' title='bbox 663 1826 731 1876; x_wconf 85' lang='lat' dir='ltr'><strong>haee</strong></span> 
     </span>
    </p>
   </div>
   <div class='ocr_carea' id='block_1_5' title="bbox 780 1617 1322 1754">
    <p class='ocr_par' dir='ltr' id='par_1_8' title="bbox 780 1617 1322 1754">
     <span class='ocr_line' id='line_1_16' title="bbox 780 1617 1322 1686; baseline 0.002 -16"><span class='ocrx_word' id='word_1_132' title='bbox 780 1620 909 1670; x_wconf 81' lang='lat' dir='ltr'><strong>alimonia</strong></span> <span class='ocrx_word' id='word_1_133' title='bbox 925 1619 959 1672; x_wconf 91' lang='lat' dir='ltr'><strong>de</strong></span> <span class='ocrx_word' id='word_1_134' title='bbox 978 1617 1029 1668; x_wconf 85' lang='lat' dir='ltr'><strong>hac</strong></span> <span class='ocrx_word' id='word_1_135' title='bbox 1044 1635 1126 1679; x_wconf 86' lang='lat' dir='ltr'><strong>voce,</strong></span> <span class='ocrx_word' id='word_1_136' title='bbox 1149 1635 1202 1686; x_wconf 90' lang='lat' dir='ltr'><strong>qna</strong></span> <span class='ocrx_word' id='word_1_137' title='bbox 1219 1621 1322 1682; x_wconf 75' lang='grc' dir='ltr'><strong><em>ίιαιδιιτ,</em></strong></span> 
     </span>
     <span class='ocr_line' id='line_1_17' title="bbox 781 1688 1322 1754; baseline -0.002 -12"><span class='ocrx_word' id='word_1_138' title='bbox 781 1705 844 1754; x_wconf 72' lang='lat' dir='ltr'><strong>aper</strong></span> <span class='ocrx_word' id='word_1_139' title='bbox 866 1697 951 1753; x_wconf 79' lang='lat' dir='ltr'><strong>septus</strong></span> <span class='ocrx_word' id='word_1_140' title='bbox 971 1688 1122 1752; x_wconf 87' lang='lat' dir='ltr'><strong>iudicatur,</strong></span> <span class='ocrx_word' id='word_1_141' title='bbox 1146 1689 1270 1741; x_wconf 83' lang='lat' dir='ltr'><strong>afferens</strong></span> <span class='ocrx_word' id='word_1_142' title='bbox 1286 1721 1322 1730; x_wconf 93' lang='lat'>—</span> 
     </span>
    </p>
   </div>
   <div class='ocr_carea' id='block_1_6' title="bbox 780 1747 1322 1895">
    <p class='ocr_par' dir='ltr' id='par_1_9' title="bbox 780 1747 1322 1895">
     <span class='ocr_line' id='line_1_18' title="bbox 780 1747 1322 1824; baseline 0 -14"><span class='ocrx_word' id='word_1_143' title='bbox 780 1761 867 1810; x_wconf 88' lang='lat' dir='ltr'><strong>Usum</strong></span> <span class='ocrx_word' id='word_1_144' title='bbox 887 1759 1097 1824; x_wconf 73' lang='lat' dir='ltr'><strong>praepositionis</strong></span> <span class='ocrx_word' id='word_1_145' title='bbox 1119 1747 1177 1808; x_wconf 77' lang='grc' dir='ltr'><strong>ἀπὸ</strong></span> <span class='ocrx_word' id='word_1_146' title='bbox 1196 1760 1228 1810; x_wconf 90' lang='lat' dir='ltr'><strong>in</strong></span> <span class='ocrx_word' id='word_1_147' title='bbox 1247 1759 1322 1812; x_wconf 85' lang='lat' dir='ltr'><strong>hisce</strong></span> 
     </span>
     <span class='ocr_line' id='line_1_19' title="bbox 781 1828 1028 1895; baseline -0.021 -13"><span class='ocrx_word' id='word_1_148' title='bbox 781 1830 863 1895; x_wconf 79' lang='lat' dir='ltr'><strong>attigi</strong></span> <span class='ocrx_word' id='word_1_149' title='bbox 877 1829 911 1880; x_wconf 87' lang='lat' dir='ltr'><strong>ad</strong></span> <span class='ocrx_word' id='word_1_150' title='bbox 924 1830 972 1891; x_wconf 88' lang='lat' dir='ltr'><strong>IV,</strong></span> <span class='ocrx_word' id='word_1_151' title='bbox 986 1828 1028 1880; x_wconf 88' lang='grc'><strong>22.</strong></span> 
     </span>
    </p>
   </div>
   <div class='ocr_carea' id='block_1_7' title="bbox 192 1896 831 1962">
    <p class='ocr_par' dir='ltr' id='par_1_10' title="bbox 192 1896 831 1962">
     <span class='ocr_line' id='line_1_20' title="bbox 192 1896 831 1962; baseline 0 -16"><span class='ocrx_word' id='word_1_152' title='bbox 192 1896 283 1946; x_wconf 85' lang='lat' dir='ltr'><strong>omnia</strong></span> <span class='ocrx_word' id='word_1_153' title='bbox 301 1898 325 1946; x_wconf 87' lang='lat' dir='ltr'><strong>si</strong></span> <span class='ocrx_word' id='word_1_154' title='bbox 347 1898 538 1962; x_wconf 85' lang='lat' dir='ltr'><strong>respiciamus,</strong></span> <span class='ocrx_word' id='word_1_155' title='bbox 563 1896 635 1947; x_wconf 90' lang='lat' dir='ltr'><strong>haud</strong></span> <span class='ocrx_word' id='word_1_156' title='bbox 659 1911 732 1946; x_wconf 87' lang='lat' dir='ltr'><strong>vana</strong></span> <span class='ocrx_word' id='word_1_157' title='bbox 828 1955 831 1962; x_wconf 88' lang='lat'><strong>.</strong></span> 
     </span>
    </p>
   </div>
   <div class='ocr_carea' id='block_1_8' title="bbox 189 1965 734 2724">
    <p class='ocr_par' dir='ltr' id='par_1_11' title="bbox 189 1965 733 2724">
     <span class='ocr_line' id='line_1_21' title="bbox 191 1965 731 2031; baseline -0.002 -17"><span class='ocrx_word' id='word_1_158' title='bbox 191 1967 318 2016; x_wconf 84' lang='lat' dir='ltr'><strong>videatur</strong></span> <span class='ocrx_word' id='word_1_159' title='bbox 335 1968 455 2031; x_wconf 83' lang='lat' dir='ltr'><strong>suspicio</strong></span> <span class='ocrx_word' id='word_1_160' title='bbox 473 1966 603 2018; x_wconf 87' lang='lat' dir='ltr'><strong>Urlichsii</strong></span> <span class='ocrx_word' id='word_1_161' title='bbox 621 1965 656 2016; x_wconf 86' lang='lat' dir='ltr'><strong>nd</strong></span> <span class='ocrx_word' id='word_1_162' title='bbox 668 1967 731 2026; x_wconf 89' lang='lat' dir='ltr'><strong>Vll,</strong></span> 
     </span>
     <span class='ocr_line' id='line_1_22' title="bbox 191 2035 733 2102; baseline -0.002 -16"><span class='ocrx_word' id='word_1_163' title='bbox 191 2037 223 2086; x_wconf 83' lang='grc'><strong>21</strong></span> <span class='ocrx_word' id='word_1_164' title='bbox 236 2035 358 2100; x_wconf 88' lang='lat' dir='ltr'><strong>prolata,</strong></span> <span class='ocrx_word' id='word_1_165' title='bbox 378 2052 432 2100; x_wconf 84' lang='lat' dir='ltr'><strong>qua</strong></span> <span class='ocrx_word' id='word_1_166' title='bbox 451 2035 578 2102; x_wconf 86' lang='lat' dir='ltr'><strong>Pythium</strong></span> <span class='ocrx_word' id='word_1_167' title='bbox 597 2035 733 2086; x_wconf 88' lang='lat' dir='ltr'><strong>lrnnocee</strong></span> 
     </span>
     <span class='ocr_line' id='line_1_23' title="bbox 191 2103 731 2172; baseline -0.006 -16"><span class='ocrx_word' id='word_1_168' title='bbox 191 2107 276 2170; x_wconf 87' lang='lat' dir='ltr'><strong>stirpe</strong></span> <span class='ocrx_word' id='word_1_169' title='bbox 288 2107 364 2170; x_wconf 84' lang='lat' dir='ltr'><strong>regia</strong></span> <span class='ocrx_word' id='word_1_170' title='bbox 378 2103 472 2156; x_wconf 82' lang='lat' dir='ltr'>Croesi</span> <span class='ocrx_word' id='word_1_171' title='bbox 492 2122 552 2156; x_wconf 88' lang='lat' dir='ltr'><strong>esse</strong></span> <span class='ocrx_word' id='word_1_172' title='bbox 569 2110 731 2172; x_wconf 70' lang='lat' dir='ltr'><strong>prognatum</strong></span> 
     </span>
     <span class='ocr_line' id='line_1_24' title="bbox 190 2175 732 2242; baseline -0.004 -16"><span class='ocrx_word' id='word_1_173' title='bbox 190 2175 393 2236; x_wconf 81' lang='lat' dir='ltr'><strong>existimemus,</strong></span> <span class='ocrx_word' id='word_1_174' title='bbox 418 2177 453 2226; x_wconf 84' lang='lat' dir='ltr'><strong>nd</strong></span> <span class='ocrx_word' id='word_1_175' title='bbox 477 2193 554 2242; x_wconf 88' lang='lat' dir='ltr'><strong>quem</strong></span> <span class='ocrx_word' id='word_1_176' title='bbox 577 2176 690 2226; x_wconf 84' lang='lat' dir='ltr'><strong>divitiae</strong></span> <span class='ocrx_word' id='word_1_177' title='bbox 715 2190 732 2224; x_wconf 90' lang='grc' dir='ltr'><strong>ιι</strong></span> 
     </span>
     <span class='ocr_line' id='line_1_25' title="bbox 191 2244 732 2297; baseline 0 -3"><span class='ocrx_word' id='word_1_178' title='bbox 191 2246 291 2295; x_wconf 78' lang='lat' dir='ltr'>Croeso</span> <span class='ocrx_word' id='word_1_179' title='bbox 320 2244 450 2296; x_wconf 72' lang='lat' dir='ltr'><strong>collectae</strong></span> <span class='ocrx_word' id='word_1_180' title='bbox 478 2248 535 2297; x_wconf 90' lang='lat' dir='ltr'><strong>inre</strong></span> <span class='ocrx_word' id='word_1_181' title='bbox 566 2244 732 2296; x_wconf 88' lang='lat' dir='ltr'><strong>hereditario</strong></span> 
     </span>
     <span class='ocr_line' id='line_1_26' title="bbox 190 2314 732 2379; baseline 0 -15"><span class='ocrx_word' id='word_1_182' title='bbox 190 2315 267 2379; x_wconf 85' lang='lat' dir='ltr'><strong>quasi</strong></span> <span class='ocrx_word' id='word_1_183' title='bbox 281 2315 448 2366; x_wconf 75' lang='lat' dir='ltr'>transierint.</span> <span class='ocrx_word' id='word_1_184' title='bbox 480 2316 520 2366; x_wconf 88' lang='lat' dir='ltr'><strong>De</strong></span> <span class='ocrx_word' id='word_1_185' title='bbox 533 2316 575 2364; x_wconf 93' lang='lat' dir='ltr'><strong>his</strong></span> <span class='ocrx_word' id='word_1_186' title='bbox 588 2320 678 2365; x_wconf 88' lang='lat' dir='ltr'><strong>autern</strong></span> <span class='ocrx_word' id='word_1_187' title='bbox 692 2314 732 2364; x_wconf 87' lang='lat' dir='ltr'><strong>sic</strong></span> 
     </span>
     <span class='ocr_line' id='line_1_27' title="bbox 189 2382 732 2446; baseline -0.004 -13"><span class='ocrx_word' id='word_1_188' title='bbox 189 2383 371 2434; x_wconf 77' lang='lat' dir='ltr'><strong>adnotaverat</strong></span> <span class='ocrx_word' id='word_1_189' title='bbox 391 2384 602 2436; x_wconf 86' lang='lat' dir='ltr'><strong>Valckenarius:</strong></span> <span class='ocrx_word' id='word_1_190' title='bbox 629 2382 732 2446; x_wconf 79' lang='lat' dir='ltr'><strong>„Athe-</strong></span> 
     </span>
     <span class='ocr_line' id='line_1_28' title="bbox 190 2453 733 2520; baseline -0.004 -18"><span class='ocrx_word' id='word_1_191' title='bbox 190 2454 232 2502; x_wconf 91' lang='lat' dir='ltr'><strong>nis</strong></span> <span class='ocrx_word' id='word_1_192' title='bbox 253 2453 367 2504; x_wconf 87' lang='lat' dir='ltr'><strong>florente</strong></span> <span class='ocrx_word' id='word_1_193' title='bbox 383 2469 412 2504; x_wconf 88' lang='lat' dir='ltr'><strong>re</strong></span> <span class='ocrx_word' id='word_1_194' title='bbox 431 2455 540 2520; x_wconf 83' lang='lat' dir='ltr'><strong>publica</strong></span> <span class='ocrx_word' id='word_1_195' title='bbox 560 2455 679 2505; x_wconf 85' lang='lat' dir='ltr'><strong>ducenta</strong></span> <span class='ocrx_word' id='word_1_196' title='bbox 691 2458 733 2501; x_wconf 87' lang='lat' dir='ltr'><strong>ta·</strong></span> 
     </span>
     <span class='ocr_line' id='line_1_29' title="bbox 190 2523 731 2587; baseline -0.004 -15"><span class='ocrx_word' id='word_1_197' title='bbox 190 2523 265 2572; x_wconf 87' lang='lat' dir='ltr'><strong>lenta</strong></span> <span class='ocrx_word' id='word_1_198' title='bbox 283 2523 400 2587; x_wconf 88' lang='lat' dir='ltr'><strong>pecunia</strong></span> <span class='ocrx_word' id='word_1_199' title='bbox 421 2525 582 2574; x_wconf 78' lang='lat' dir='ltr'><strong>censebatur</strong></span> <span class='ocrx_word' id='word_1_200' title='bbox 601 2523 731 2572; x_wconf 84' lang='lat' dir='ltr'><strong>maxima.</strong></span> 
     </span>
     <span class='ocr_line' id='line_1_30' title="bbox 190 2590 732 2644; baseline -0.004 -3"><span class='ocrx_word' id='word_1_201' title='bbox 190 2593 344 2643; x_wconf 87' lang='lat' dir='ltr'><strong>ditissimus</strong></span> <span class='ocrx_word' id='word_1_202' title='bbox 356 2595 426 2642; x_wconf 90' lang='lat' dir='ltr'><strong>inter</strong></span> <span class='ocrx_word' id='word_1_203' title='bbox 439 2594 619 2644; x_wconf 72' lang='lat' dir='ltr'><strong>Athenienses</strong></span> <span class='ocrx_word' id='word_1_204' title='bbox 629 2590 732 2640; x_wconf 83' lang='lat' dir='ltr'><strong>Callias</strong></span> 
     </span>
     <span class='ocr_line' id='line_1_31' title="bbox 190 2652 734 2724; baseline -0.004 -14"><span class='ocrx_word' id='word_1_205' title='bbox 190 2658 346 2711; x_wconf 82' lang='grc' dir='ltr'><strong><em>διακοσίων</em></strong></span> <span class='ocrx_word' id='word_1_206' title='bbox 364 2656 510 2712; x_wconf 78' lang='grc' dir='ltr'><strong><em>ταλάντων</em></strong></span> <span class='ocrx_word' id='word_1_207' title='bbox 529 2652 678 2724; x_wconf 67' lang='grc' dir='ltr'><strong><em>ἐτιμήσατο</em></strong></span> <span class='ocrx_word' id='word_1_208' title='bbox 694 2665 734 2709; x_wconf 92' lang='lat' dir='ltr'><strong>te-</strong></span> 
     </span>
    </p>
   </div>
   <div class='ocr_carea' id='block_1_9' title="bbox 956 1999 1142 2050">
    <p class='ocr_par' dir='ltr' id='par_1_12' title="bbox 956 1999 1142 2050">
     <span class='ocr_line' id='line_1_32' title="bbox 956 1999 1142 2050; baseline -0.011 0"><span class='ocrx_word' id='word_1_209' title='bbox 956 1999 1022 2050; x_wconf 82' lang='lat' dir='ltr'><strong>Csr.</strong></span> <span class='ocrx_word' id='word_1_210' title='bbox 1042 1999 1142 2050; x_wconf 83' lang='lat' dir='ltr'>XXIX.</span> 
     </span>
    </p>
   </div>
   <div class='ocr_carea' id='block_1_10' title="bbox 781 2093 1324 2740">
    <p class='ocr_par' dir='ltr' id='par_1_13' title="bbox 781 2093 1324 2724">
     <span class='ocr_line' id='line_1_33' title="bbox 817 2093 1323 2171; baseline 0 -17"><span class='ocrx_word' id='word_1_211' title='bbox 817 2097 941 2171; x_wconf 80' lang='grc' dir='ltr'><strong><em>έξῆλθον</em></strong></span> <span class='ocrx_word' id='word_1_212' title='bbox 955 2097 1007 2168; x_wconf 85' lang='grc' dir='ltr'><strong>τὴν</strong></span> <span class='ocrx_word' id='word_1_213' title='bbox 1018 2101 1144 2165; x_wconf 75' lang='grc' dir='ltr'><strong><em>Περσίδα</em></strong></span> <span class='ocrx_word' id='word_1_214' title='bbox 1156 2093 1263 2168; x_wconf 72' lang='grc' dir='ltr'><strong><em>χώρην]</em></strong></span> <span class='ocrx_word' id='word_1_215' title='bbox 1281 2106 1323 2154; x_wconf 85' lang='lat' dir='ltr'><strong>De</strong></span> 
     </span>
     <span class='ocr_line' id='line_1_34' title="bbox 782 2172 1322 2227; baseline -0.004 -1"><span class='ocrx_word' id='word_1_216' title='bbox 782 2174 933 2227; x_wconf 84' lang='lat' dir='ltr'><strong>acorrsativi</strong></span> <span class='ocrx_word' id='word_1_217' title='bbox 944 2189 993 2224; x_wconf 90' lang='lat' dir='ltr'><strong>usn</strong></span> <span class='ocrx_word' id='word_1_218' title='bbox 1003 2172 1104 2224; x_wconf 83' lang='lat' dir='ltr'><strong>consul.</strong></span> <span class='ocrx_word' id='word_1_219' title='bbox 1112 2173 1211 2222; x_wconf 90' lang='lat' dir='ltr'><strong>Matth.</strong></span> <span class='ocrx_word' id='word_1_220' title='bbox 1220 2173 1267 2227; x_wconf 82' lang='lat' dir='ltr'><strong>Gr.</strong></span> <span class='ocrx_word' id='word_1_221' title='bbox 1274 2173 1322 2224; x_wconf 91' lang='lat' dir='ltr'><strong>Gr.</strong></span> 
     </span>
     <span class='ocr_line' id='line_1_35' title="bbox 781 2243 1321 2309; baseline -0.006 -13"><span class='ocrx_word' id='word_1_222' title='bbox 781 2250 805 2309; x_wconf 74' lang='grc'><strong>5.</strong></span> <span class='ocrx_word' id='word_1_223' title='bbox 823 2245 874 2296; x_wconf 78' lang='grc'><strong>319</strong></span> <span class='ocrx_word' id='word_1_224' title='bbox 893 2251 950 2296; x_wconf 83' lang='lat' dir='ltr'><strong>not.</strong></span> <span class='ocrx_word' id='word_1_225' title='bbox 986 2243 1094 2293; x_wconf 81' lang='lat' dir='ltr'><strong>Similia</strong></span> <span class='ocrx_word' id='word_1_226' title='bbox 1106 2243 1178 2294; x_wconf 83' lang='lat' dir='ltr'><strong>coni.</strong></span> <span class='ocrx_word' id='word_1_227' title='bbox 1191 2243 1245 2305; x_wconf 89' lang='lat' dir='ltr'><strong>VI,</strong></span> <span class='ocrx_word' id='word_1_228' title='bbox 1261 2245 1321 2295; x_wconf 92' lang='grc'><strong>134.</strong></span> 
     </span>
     <span class='ocr_line' id='line_1_36' title="bbox 782 2307 1323 2378; baseline -0.006 -13"><span class='ocrx_word' id='word_1_229' title='bbox 782 2316 845 2378; x_wconf 91' lang='lat' dir='ltr'><strong>Vll,</strong></span> <span class='ocrx_word' id='word_1_230' title='bbox 860 2315 920 2364; x_wconf 87' lang='grc'>218.</span> <span class='ocrx_word' id='word_1_231' title='bbox 947 2312 989 2361; x_wconf 83' lang='lat' dir='ltr'><strong>Ad</strong></span> <span class='ocrx_word' id='word_1_232' title='bbox 1004 2307 1138 2376; x_wconf 74' lang='grc' dir='ltr'><strong><em>συνέμιξα</em></strong></span> <span class='ocrx_word' id='word_1_233' title='bbox 1154 2312 1190 2362; x_wconf 87' lang='lat' dir='ltr'><strong>ci.</strong></span> <span class='ocrx_word' id='word_1_234' title='bbox 1205 2317 1274 2363; x_wconf 91' lang='lat' dir='ltr'><strong>nott.</strong></span> <span class='ocrx_word' id='word_1_235' title='bbox 1287 2312 1323 2362; x_wconf 89' lang='lat' dir='ltr'><strong>sd</strong></span> 
     </span>
     <span class='ocr_line' id='line_1_37' title="bbox 782 2378 1323 2448; baseline -0.008 -12"><span class='ocrx_word' id='word_1_236' title='bbox 782 2385 830 2443; x_wconf 92' lang='lat' dir='ltr'><strong>Vl,</strong></span> <span class='ocrx_word' id='word_1_237' title='bbox 845 2381 888 2445; x_wconf 90' lang='grc'><strong>23,</strong></span> <span class='ocrx_word' id='word_1_238' title='bbox 903 2387 930 2433; x_wconf 92' lang='lat' dir='ltr'><strong>et</strong></span> <span class='ocrx_word' id='word_1_239' title='bbox 941 2381 976 2432; x_wconf 86' lang='lat' dir='ltr'><strong>ad</strong></span> <span class='ocrx_word' id='word_1_240' title='bbox 990 2378 1089 2445; x_wconf 78' lang='grc' dir='ltr'><strong><em>ξείνια,</em></strong></span> <span class='ocrx_word' id='word_1_241' title='bbox 1102 2397 1172 2448; x_wconf 88' lang='lat' dir='ltr'><strong>quae</strong></span> <span class='ocrx_word' id='word_1_242' title='bbox 1187 2387 1250 2432; x_wconf 89' lang='lat' dir='ltr'><strong>sunt</strong></span> <span class='ocrx_word' id='word_1_243' title='bbox 1264 2399 1323 2446; x_wconf 79' lang='lat' dir='ltr'><strong>epu·</strong></span> 
     </span>
     <span class='ocr_line' id='line_1_38' title="bbox 781 2421 1322 2516; baseline -0.004 -12"><span class='ocrx_word' id='word_1_244' title='bbox 781 2456 823 2504; x_wconf 84' lang='lat' dir='ltr'><strong>loa</strong></span> <span class='ocrx_word' id='word_1_245' title='bbox 839 2421 990 2516; x_wconf 59' lang='lat' dir='ltr'><strong>hos&#39;pienler,</strong></span> <span class='ocrx_word' id='word_1_246' title='bbox 1013 2451 1100 2502; x_wconf 83' lang='lat' dir='ltr'><strong>allata</strong></span> <span class='ocrx_word' id='word_1_247' title='bbox 1121 2451 1209 2516; x_wconf 89' lang='lat' dir='ltr'><strong>adV,</strong></span> <span class='ocrx_word' id='word_1_248' title='bbox 1232 2451 1272 2504; x_wconf 86' lang='grc'>18.</span> <span class='ocrx_word' id='word_1_249' title='bbox 1288 2479 1322 2488; x_wconf 91' lang='grc'><strong>-</strong></span> 
     </span>
     <span class='ocr_line' id='line_1_39' title="bbox 782 2515 1324 2602; baseline 0.004 -32"><span class='ocrx_word' id='word_1_250' title='bbox 782 2515 810 2578; x_wconf 72' lang='lat' dir='ltr'><strong>le</strong></span> <span class='ocrx_word' id='word_1_251' title='bbox 826 2518 891 2571; x_wconf 82' lang='grc' dir='ltr'><strong><em>τόδε</em></strong></span> <span class='ocrx_word' id='word_1_252' title='bbox 908 2521 982 2572; x_wconf 83' lang='lat' dir='ltr'><strong>valet</strong></span> <span class='ocrx_word' id='word_1_253' title='bbox 1001 2521 1095 2578; x_wconf 70' lang='grc' dir='ltr'><strong><em>αδδασι</em></strong></span> <span class='ocrx_word' id='word_1_254' title='bbox 1117 2521 1151 2571; x_wconf 87' lang='lat' dir='ltr'><strong>de</strong></span> <span class='ocrx_word' id='word_1_255' title='bbox 1168 2537 1221 2602; x_wconf 88' lang='lat' dir='ltr'><strong>quo</strong></span> <span class='ocrx_word' id='word_1_256' title='bbox 1244 2521 1324 2587; x_wconf 84' lang='lat' dir='ltr'><strong>plura</strong></span> 
     </span>
     <span class='ocr_line' id='line_1_40' title="bbox 782 2581 1324 2657; baseline -0.002 -16"><span class='ocrx_word' id='word_1_257' title='bbox 782 2590 878 2641; x_wconf 84' lang='lat' dir='ltr'><strong>afferre</strong></span> <span class='ocrx_word' id='word_1_258' title='bbox 893 2607 948 2641; x_wconf 90' lang='lat' dir='ltr'><strong>uon</strong></span> <span class='ocrx_word' id='word_1_259' title='bbox 964 2607 1090 2655; x_wconf 78' lang='lat' dir='ltr'><strong>apua—</strong></span> <span class='ocrx_word' id='word_1_260' title='bbox 1101 2581 1324 2657; x_wconf 72' lang='grc' dir='ltr'><strong><em>αὐτεπάγγελτος</em></strong></span> 
     </span>
     <span class='ocr_line' id='line_1_41' title="bbox 782 2661 1091 2740; baseline 0.01 -31"><span class='ocrx_word' id='word_1_261' title='bbox 782 2661 870 2712; x_wconf 85' lang='lat' dir='ltr'><strong>valet:</strong></span> <span class='ocrx_word' id='word_1_262' title='bbox 890 2663 957 2710; x_wconf 84' lang='lat' dir='ltr'><strong>ultro</strong></span> <span class='ocrx_word' id='word_1_263' title='bbox 972 2662 1091 2740; x_wconf 80' lang='lat' dir='ltr'><strong>offerens.</strong></span> 
     </span>
    </p>
   </div>
   <div class='ocr_carea' id='block_1_11' title="bbox 189 2725 734 2936">
    <p class='ocr_par' dir='ltr' id='par_1_14' title="bbox 189 2725 734 2936">
     <span class='ocr_line' id='line_1_42' title="bbox 190 2725 730 2796; baseline -0.007 -15"><span class='ocrx_word' id='word_1_264' title='bbox 190 2737 232 2782; x_wconf 89' lang='lat' dir='ltr'><strong>ste</strong></span> <span class='ocrx_word' id='word_1_265' title='bbox 246 2732 330 2795; x_wconf 82' lang='lat' dir='ltr'><strong>Lysia</strong></span> <span class='ocrx_word' id='word_1_266' title='bbox 347 2732 392 2782; x_wconf 92' lang='lat' dir='ltr'><strong>Or.</strong></span> <span class='ocrx_word' id='word_1_267' title='bbox 412 2733 485 2783; x_wconf 87' lang='lat' dir='ltr'><strong>XIX.</strong></span> <span class='ocrx_word' id='word_1_268' title='bbox 504 2747 530 2796; x_wconf 88' lang='lat' dir='ltr'><strong>p.</strong></span> <span class='ocrx_word' id='word_1_269' title='bbox 549 2731 600 2782; x_wconf 84' lang='grc'><strong>341)</strong></span> <span class='ocrx_word' id='word_1_270' title='bbox 621 2727 658 2792; x_wconf 69' lang='grc' dir='ltr'><strong>[ἓ.</strong></span> <span class='ocrx_word' id='word_1_271' title='bbox 675 2725 730 2793; x_wconf 81' lang='grc'><strong>50].</strong></span> 
     </span>
     <span class='ocr_line' id='line_1_43' title="bbox 190 2799 734 2866; baseline -0.011 -14"><span class='ocrx_word' id='word_1_272' title='bbox 190 2801 306 2866; x_wconf 89' lang='lat' dir='ltr'><strong>Pythius</strong></span> <span class='ocrx_word' id='word_1_273' title='bbox 316 2801 449 2852; x_wconf 83' lang='lat' dir='ltr'><strong>Herodoti</strong></span> <span class='ocrx_word' id='word_1_274' title='bbox 464 2801 571 2851; x_wconf 84' lang='lat' dir='ltr'><strong>talanta</strong></span> <span class='ocrx_word' id='word_1_275' title='bbox 582 2799 677 2849; x_wconf 84' lang='lat' dir='ltr'><strong>habuit</strong></span> <span class='ocrx_word' id='word_1_276' title='bbox 691 2813 734 2848; x_wconf 88' lang='lat' dir='ltr'><strong>sr-</strong></span> 
     </span>
     <span class='ocr_line' id='line_1_44' title="bbox 189 2869 732 2936; baseline -0.011 -14"><span class='ocrx_word' id='word_1_277' title='bbox 189 2871 264 2936; x_wconf 77' lang='lat' dir='ltr'><strong>genti</strong></span> <span class='ocrx_word' id='word_1_278' title='bbox 277 2869 330 2920; x_wconf 94' lang='lat' dir='ltr'><strong>duo</strong></span> <span class='ocrx_word' id='word_1_279' title='bbox 340 2869 439 2936; x_wconf 85' lang='lat' dir='ltr'><strong>millia,</strong></span> <span class='ocrx_word' id='word_1_280' title='bbox 455 2884 621 2920; x_wconf 87' lang='lat' dir='ltr'><strong>nummorum</strong></span> <span class='ocrx_word' id='word_1_281' title='bbox 635 2883 732 2917; x_wconf 89' lang='lat' dir='ltr'><strong>aureo·</strong></span> 
     </span>
    </p>
   </div>
   <div class='ocr_carea' id='block_1_12' title="bbox 89 2724 1324 4466">
    <p class='ocr_par' dir='ltr' id='par_1_15' title="bbox 817 2724 1322 2795">
     <span class='ocr_line' id='line_1_45' title="bbox 817 2724 1322 2795; baseline 0.004 -17"><span class='ocrx_word' id='word_1_282' title='bbox 817 2725 1009 2795; x_wconf 79' lang='grc' dir='ltr'><strong><em>συμβαλέσθαι</em></strong></span> <span class='ocrx_word' id='word_1_283' title='bbox 1021 2724 1185 2795; x_wconf 74' lang='grc' dir='ltr'><strong><em>χρηματα]</em></strong></span> <span class='ocrx_word' id='word_1_284' title='bbox 1179 2747 1197 2780; x_wconf 94' lang='grc' dir='ltr'><strong>ι</strong></span> <span class='ocrx_word' id='word_1_285' title='bbox 1212 2747 1236 2782; x_wconf 93' lang='lat' dir='ltr'><strong>e.</strong></span> <span class='ocrx_word' id='word_1_286' title='bbox 1245 2745 1322 2794; x_wconf 81' lang='lat' dir='ltr'><strong>pecn-</strong></span> 
     </span>
    </p>

    <p class='ocr_par' dir='ltr' id='par_1_16' title="bbox 781 2799 1321 2864">
     <span class='ocr_line' id='line_1_46' title="bbox 781 2799 1321 2864; baseline 0.002 -15"><span class='ocrx_word' id='word_1_287' title='bbox 781 2801 837 2850; x_wconf 82' lang='lat' dir='ltr'><strong>nias</strong></span> <span class='ocrx_word' id='word_1_288' title='bbox 849 2800 983 2860; x_wconf 72' lang='lat' dir='ltr'><strong>conferre,</strong></span> <span class='ocrx_word' id='word_1_289' title='bbox 1001 2799 1126 2860; x_wconf 79' lang='lat' dir='ltr'><strong>tribuere,</strong></span> <span class='ocrx_word' id='word_1_290' title='bbox 1143 2805 1174 2849; x_wconf 90' lang='lat' dir='ltr'><strong>ut</strong></span> <span class='ocrx_word' id='word_1_291' title='bbox 1187 2801 1247 2862; x_wconf 89' lang='lat'>111,</span> <span class='ocrx_word' id='word_1_292' title='bbox 1263 2800 1321 2864; x_wconf 79' lang='grc'><strong>135,</strong></span> 
     </span>
    </p>

    <p class='ocr_par' dir='ltr' id='par_1_17' title="bbox 781 2869 1321 2936">
     <span class='ocr_line' id='line_1_47' title="bbox 781 2869 1321 2936; baseline 0.002 -17"><span class='ocrx_word' id='word_1_293' title='bbox 781 2870 829 2919; x_wconf 82' lang='grc' dir='ltr'><strong><em>ιι1ιὶ</em></strong></span> <span class='ocrx_word' id='word_1_294' title='bbox 846 2869 902 2924; x_wconf 84' lang='lat' dir='ltr'><strong>vid.</strong></span> <span class='ocrx_word' id='word_1_295' title='bbox 923 2873 1039 2920; x_wconf 78' lang='lat' dir='ltr'><strong>nott.-</strong></span> <span class='ocrx_word' id='word_1_296' title='bbox 1056 2871 1089 2920; x_wconf 93' lang='lat' dir='ltr'><strong>In</strong></span> <span class='ocrx_word' id='word_1_297' title='bbox 1106 2871 1229 2935; x_wconf 84' lang='lat' dir='ltr'><strong>proxime</strong></span> <span class='ocrx_word' id='word_1_298' title='bbox 1246 2885 1321 2936; x_wconf 87' lang='lat' dir='ltr'><strong>seqq.</strong></span> 
     </span>
    </p>

    <p class='ocr_par' dir='ltr' id='par_1_18' title="bbox 190 2938 1323 2991">
     <span class='ocr_line' id='line_1_48' title="bbox 190 2938 1323 2991; baseline 0 0"><span class='ocrx_word' id='word_1_299' title='bbox 190 2957 248 2991; x_wconf 85' lang='lat' dir='ltr'><strong>rum</strong></span> <span class='ocrx_word' id='word_1_300' title='bbox 262 2942 421 2990; x_wconf 85' lang='lat' dir='ltr'><strong>immensam</strong></span> <span class='ocrx_word' id='word_1_301' title='bbox 440 2955 581 2990; x_wconf 85' lang='lat' dir='ltr'><strong>summam</strong></span> <span class='ocrx_word' id='word_1_302' title='bbox 612 2939 731 2987; x_wconf 87' lang='lat' dir='ltr'><strong>Tantum</strong></span> <span class='ocrx_word' id='word_1_303' title='bbox 782 2938 1126 2990; x_wconf 85' lang='lat' dir='ltr'><strong>nurnMatthiaeoetreoc.</strong></span> <span class='ocrx_word' id='word_1_304' title='bbox 1141 2939 1201 2990; x_wconf 90' lang='lat' dir='ltr'><strong>edd</strong></span> <span class='ocrx_word' id='word_1_305' title='bbox 1214 2940 1323 2991; x_wconf 87' lang='lat' dir='ltr'><strong>restitui</strong></span> 
     </span>
    </p>

    <p class='ocr_par' dir='ltr' id='par_1_19' title="bbox 190 2999 1323 3090">
     <span class='ocr_line' id='line_1_49' title="bbox 190 2999 1323 3090; baseline -0.004 -30"><span class='ocrx_word' id='word_1_306' title='bbox 190 3011 250 3060; x_wconf 90' lang='lat' dir='ltr'><strong>anri</strong></span> <span class='ocrx_word' id='word_1_307' title='bbox 268 3011 372 3060; x_wconf 86' lang='lat' dir='ltr'><strong>iecerat</strong></span> <span class='ocrx_word' id='word_1_308' title='bbox 391 3025 422 3059; x_wconf 92' lang='lat' dir='ltr'><strong>ex</strong></span> <span class='ocrx_word' id='word_1_309' title='bbox 442 3007 620 3068; x_wconf 79' lang='lat' dir='ltr'><strong>anriiotlinis;</strong></span> <span class='ocrx_word' id='word_1_310' title='bbox 640 3011 734 3058; x_wconf 86' lang='lat' dir='ltr'><strong>etms</strong></span> <span class='ocrx_word' id='word_1_311' title='bbox 781 2999 934 3090; x_wconf 77' lang='grc' dir='ltr'><strong><em>ἐξείνισας,</em></strong></span> <span class='ocrx_word' id='word_1_312' title='bbox 953 3006 1323 3090; x_wconf 63' lang='lat' dir='ltr'><strong>nbrSchaeierusErvrong</strong></span> 
     </span>
    </p>

    <p class='ocr_par' dir='ltr' id='par_1_20' title="bbox 192 3069 1323 3160">
     <span class='ocr_line' id='line_1_50' title="bbox 192 3069 1323 3160; baseline -0.002 -30"><span class='ocrx_word' id='word_1_313' title='bbox 192 3081 257 3131; x_wconf 88' lang='lat' dir='ltr'><strong>tolla</strong></span> <span class='ocrx_word' id='word_1_314' title='bbox 270 3084 347 3129; x_wconf 90' lang='lat' dir='ltr'><strong>tanto</strong></span> <span class='ocrx_word' id='word_1_315' title='bbox 364 3079 456 3130; x_wconf 88' lang='lat' dir='ltr'><strong>studio</strong></span> <span class='ocrx_word' id='word_1_316' title='bbox 473 3077 528 3128; x_wconf 90' lang='lat' dir='ltr'><strong>coli</strong></span> <span class='ocrx_word' id='word_1_317' title='bbox 543 3075 630 3127; x_wconf 79' lang='lat' dir='ltr'><strong>voluit</strong></span> <span class='ocrx_word' id='word_1_318' title='bbox 648 3092 665 3126; x_wconf 90' lang='grc' dir='ltr'><strong>ιι</strong></span> <span class='ocrx_word' id='word_1_319' title='bbox 678 3092 735 3126; x_wconf 85' lang='lat' dir='ltr'><strong>ser·</strong></span> <span class='ocrx_word' id='word_1_320' title='bbox 783 3083 810 3128; x_wconf 90' lang='lat' dir='ltr'><strong>et</strong></span> <span class='ocrx_word' id='word_1_321' title='bbox 821 3093 884 3160; x_wconf 92' lang='lat' dir='ltr'><strong>pro</strong></span> <span class='ocrx_word' id='word_1_322' title='bbox 887 3069 995 3126; x_wconf 79' lang='grc' dir='ltr'><strong><em>αὐτέων</em></strong></span> <span class='ocrx_word' id='word_1_323' title='bbox 1011 3077 1074 3129; x_wconf 89' lang='lat' dir='ltr'><strong>dedi</strong></span> <span class='ocrx_word' id='word_1_324' title='bbox 1088 3069 1191 3130; x_wconf 71' lang='lat' dir='ltr'><strong>dorida.</strong></span> <span class='ocrx_word' id='word_1_325' title='bbox 1222 3079 1263 3127; x_wconf 79' lang='lat' dir='ltr'><strong>nd</strong></span> <span class='ocrx_word' id='word_1_326' title='bbox 1277 3095 1323 3128; x_wconf 83' lang='lat' dir='ltr'><strong>vo-</strong></span> 
     </span>
    </p>

    <p class='ocr_par' dir='ltr' id='par_1_21' title="bbox 190 3141 1323 3284">
     <span class='ocr_line' id='line_1_51' title="bbox 190 3141 1323 3213; baseline -0.004 -11"><span class='ocrx_word' id='word_1_327' title='bbox 190 3151 247 3212; x_wconf 85' lang='lat' dir='ltr'><strong>vis,</strong></span> <span class='ocrx_word' id='word_1_328' title='bbox 269 3155 299 3199; x_wconf 91' lang='lat' dir='ltr'><strong>ut</strong></span> <span class='ocrx_word' id='word_1_329' title='bbox 312 3163 437 3213; x_wconf 82' lang='lat' dir='ltr'><strong>agrorum</strong></span> <span class='ocrx_word' id='word_1_330' title='bbox 458 3145 732 3198; x_wconf 82' lang='lat' dir='ltr'><strong>necessariacnltura</strong></span> <span class='ocrx_word' id='word_1_331' title='bbox 782 3163 840 3198; x_wconf 83' lang='lat' dir='ltr'><strong>cern</strong></span> <span class='ocrx_word' id='word_1_332' title='bbox 855 3141 936 3210; x_wconf 76' lang='grc' dir='ltr'><strong><em>γερεα</em></strong></span> <span class='ocrx_word' id='word_1_333' title='bbox 949 3147 1021 3196; x_wconf 86' lang='lat' dir='ltr'><strong>coni</strong></span> <span class='ocrx_word' id='word_1_334' title='bbox 1039 3149 1118 3198; x_wconf 90' lang='lat' dir='ltr'><strong>modo</strong></span> <span class='ocrx_word' id='word_1_335' title='bbox 1133 3149 1187 3210; x_wconf 90' lang='lat' dir='ltr'><strong>IV</strong></span> <span class='ocrx_word' id='word_1_336' title='bbox 1209 3148 1257 3200; x_wconf 88' lang='grc'><strong>143</strong></span> <span class='ocrx_word' id='word_1_337' title='bbox 1272 3149 1323 3198; x_wconf 88' lang='grc' dir='ltr'><strong><em>ι1ιι</em></strong></span> 
     </span>
     <span class='ocr_line' id='line_1_52' title="bbox 190 3215 1142 3284; baseline -0.001 -14"><span class='ocrx_word' id='word_1_338' title='bbox 190 3220 388 3284; x_wconf 79' lang='lat' dir='ltr'><strong>negligeretur,</strong></span> <span class='ocrx_word' id='word_1_339' title='bbox 412 3217 528 3268; x_wconf 85' lang='lat' dir='ltr'><strong>testibus</strong></span> <span class='ocrx_word' id='word_1_340' title='bbox 544 3215 689 3266; x_wconf 81' lang='lat' dir='ltr'><strong>Plutarcho</strong></span> <span class='ocrx_word' id='word_1_341' title='bbox 706 3220 733 3265; x_wconf 88' lang='lat' dir='ltr'><strong>et</strong></span> <span class='ocrx_word' id='word_1_342' title='bbox 783 3233 834 3283; x_wconf 86' lang='lat' dir='ltr'><strong>que</strong></span> <span class='ocrx_word' id='word_1_343' title='bbox 848 3221 917 3266; x_wconf 85' lang='lat' dir='ltr'><strong>nott</strong></span> <span class='ocrx_word' id='word_1_344' title='bbox 930 3216 993 3276; x_wconf 88' lang='lat' dir='ltr'>VII,</span> <span class='ocrx_word' id='word_1_345' title='bbox 1011 3217 1067 3270; x_wconf 90' lang='grc'>104.</span> <span class='ocrx_word' id='word_1_346' title='bbox 1083 3217 1142 3270; x_wconf 84' lang='grc'><strong>134.</strong></span> 
     </span>
    </p>

    <p class='ocr_par' dir='ltr' id='par_1_22' title="bbox 190 3279 1324 3353">
     <span class='ocr_line' id='line_1_53' title="bbox 190 3279 1324 3353; baseline -0.004 -13"><span class='ocrx_word' id='word_1_347' title='bbox 190 3289 345 3353; x_wconf 73' lang='lat' dir='ltr'><strong>Polyaeno,</strong></span> <span class='ocrx_word' id='word_1_348' title='bbox 370 3287 514 3350; x_wconf 84' lang='lat' dir='ltr'><strong>prudentia</strong></span> <span class='ocrx_word' id='word_1_349' title='bbox 532 3290 622 3336; x_wconf 84' lang='lat' dir='ltr'><strong>tamen</strong></span> <span class='ocrx_word' id='word_1_350' title='bbox 640 3286 733 3336; x_wconf 86' lang='lat' dir='ltr'><strong>uxoris</strong></span> <span class='ocrx_word' id='word_1_351' title='bbox 819 3280 958 3346; x_wconf 79' lang='grc' dir='ltr'><strong><em>ξεινόντέ</em></strong></span> <span class='ocrx_word' id='word_1_352' title='bbox 973 3298 1002 3335; x_wconf 90' lang='grc' dir='ltr'><strong><em>σε</em></strong></span> <span class='ocrx_word' id='word_1_353' title='bbox 1018 3301 1152 3351; x_wconf 85' lang='grc' dir='ltr'><strong><em>ποιευμαι</em></strong></span> <span class='ocrx_word' id='word_1_354' title='bbox 1167 3279 1247 3352; x_wconf 78' lang='grc' dir='ltr'><strong><em>έμδν]</em></strong></span> <span class='ocrx_word' id='word_1_355' title='bbox 1267 3286 1324 3336; x_wconf 92' lang='lat' dir='ltr'><strong>Vo-</strong></span> 
     </span>
    </p>

    <p class='ocr_par' dir='ltr' id='par_1_23' title="bbox 192 3347 1324 3438">
     <span class='ocr_line' id='line_1_54' title="bbox 192 3347 1324 3438; baseline -0.002 -30"><span class='ocrx_word' id='word_1_356' title='bbox 192 3375 252 3408; x_wconf 87' lang='lat' dir='ltr'><strong>aurr</strong></span> <span class='ocrx_word' id='word_1_357' title='bbox 244 3355 467 3438; x_wconf 76' lang='lat' dir='ltr'><strong>cupidissimum</strong></span> <span class='ocrx_word' id='word_1_358' title='bbox 486 3355 520 3406; x_wconf 84' lang='lat' dir='ltr'><strong>ab</strong></span> <span class='ocrx_word' id='word_1_359' title='bbox 533 3356 608 3406; x_wconf 86' lang='lat' dir='ltr'><strong>ista&#39;</strong></span> <span class='ocrx_word' id='word_1_360' title='bbox 601 3371 655 3406; x_wconf 84' lang='lat' dir='ltr'><strong>ram</strong></span> <span class='ocrx_word' id='word_1_361' title='bbox 669 3360 733 3406; x_wconf 85' lang='lat' dir='ltr'><strong>ante</strong></span> <span class='ocrx_word' id='word_1_362' title='bbox 782 3356 872 3408; x_wconf 86' lang='lat' dir='ltr'><strong>culam</strong></span> <span class='ocrx_word' id='word_1_363' title='bbox 888 3347 972 3420; x_wconf 82' lang='grc' dir='ltr'><strong><em>έμδν,</em></strong></span> <span class='ocrx_word' id='word_1_364' title='bbox 997 3371 1078 3421; x_wconf 83' lang='lat' dir='ltr'><strong>quarn</strong></span> <span class='ocrx_word' id='word_1_365' title='bbox 1100 3371 1192 3408; x_wconf 86' lang='lat' dir='ltr'><strong>omnes</strong></span> <span class='ocrx_word' id='word_1_366' title='bbox 1212 3359 1324 3406; x_wconf 85' lang='lat' dir='ltr'><strong>tuentur</strong></span> 
     </span>
    </p>

    <p class='ocr_par' dir='ltr' id='par_1_24' title="bbox 191 3425 1324 3492">
     <span class='ocr_line' id='line_1_55' title="bbox 191 3425 1324 3492; baseline -0.004 -12"><span class='ocrx_word' id='word_1_367' title='bbox 191 3426 364 3480; x_wconf 84' lang='lat' dir='ltr'><strong>retraxerat</strong></span> <span class='ocrx_word' id='word_1_368' title='bbox 357 3441 479 3482; x_wconf 85' lang='lat' dir='ltr'><strong>rnsanra</strong></span> <span class='ocrx_word' id='word_1_369' title='bbox 498 3440 577 3490; x_wconf 87' lang='lat' dir='ltr'><strong>qnam</strong></span> <span class='ocrx_word' id='word_1_370' title='bbox 593 3425 733 3478; x_wconf 65' lang='lat' dir='ltr'><strong>euenirent</strong></span> <span class='ocrx_word' id='word_1_371' title='bbox 783 3425 847 3476; x_wconf 90' lang='lat' dir='ltr'><strong>libri</strong></span> <span class='ocrx_word' id='word_1_372' title='bbox 869 3426 980 3492; x_wconf 89' lang='lat' dir='ltr'><strong>scripti,</strong></span> <span class='ocrx_word' id='word_1_373' title='bbox 1009 3427 1129 3492; x_wconf 78' lang='lat' dir='ltr'><strong>expungi</strong></span> <span class='ocrx_word' id='word_1_374' title='bbox 1152 3425 1212 3475; x_wconf 81' lang='lat' dir='ltr'><strong>vnit</strong></span> <span class='ocrx_word' id='word_1_375' title='bbox 1237 3425 1324 3476; x_wconf 87' lang='lat' dir='ltr'><strong>Cobet</strong></span> 
     </span>
    </p>

    <p class='ocr_par' dir='ltr' id='par_1_25' title="bbox 192 3493 1324 3560">
     <span class='ocr_line' id='line_1_56' title="bbox 192 3493 1324 3560; baseline -0.002 -14"><span class='ocrx_word' id='word_1_376' title='bbox 192 3497 238 3546; x_wconf 84' lang='lat' dir='ltr'><strong>luc</strong></span> <span class='ocrx_word' id='word_1_377' title='bbox 249 3493 390 3546; x_wconf 88' lang='lat' dir='ltr'><strong>Herodoto</strong></span> <span class='ocrx_word' id='word_1_378' title='bbox 402 3501 527 3554; x_wconf 85' lang='lat' dir='ltr'><strong>narrata</strong></span> <span class='ocrx_word' id='word_1_379' title='bbox 540 3495 640 3546; x_wconf 85' lang='lat' dir='ltr'><strong>utrdeo</strong></span> <span class='ocrx_word' id='word_1_380' title='bbox 650 3495 735 3546; x_wconf 77' lang='lat' dir='ltr'><strong>Xerxi</strong></span> <span class='ocrx_word' id='word_1_381' title='bbox 784 3496 964 3560; x_wconf 82' lang='lat' dir='ltr'><strong>(Mnemosyn.</strong></span> <span class='ocrx_word' id='word_1_382' title='bbox 977 3495 1024 3545; x_wconf 92' lang='lat' dir='ltr'><strong>Vl.</strong></span> <span class='ocrx_word' id='word_1_383' title='bbox 1037 3512 1063 3558; x_wconf 93' lang='lat' dir='ltr'><strong>p.</strong></span> <span class='ocrx_word' id='word_1_384' title='bbox 1075 3494 1137 3558; x_wconf 81' lang='grc'>3115)</span> <span class='ocrx_word' id='word_1_385' title='bbox 1152 3495 1267 3545; x_wconf 82' lang='grc' dir='ltr'><strong><em>ιιιιιιΙοοι</em></strong></span> <span class='ocrx_word' id='word_1_386' title='bbox 1279 3511 1324 3545; x_wconf 82' lang='lat' dir='ltr'><strong>ex</strong></span> 
     </span>
    </p>

    <p class='ocr_par' dir='ltr' id='par_1_26' title="bbox 191 3555 1323 3684">
     <span class='ocr_line' id='line_1_57' title="bbox 191 3555 1323 3684; baseline -0.002 -68"><span class='ocrx_word' id='word_1_387' title='bbox 191 3567 282 3616; x_wconf 85' lang='lat' dir='ltr'><strong>dicere</strong></span> <span class='ocrx_word' id='word_1_388' title='bbox 298 3566 432 3644; x_wconf 77' lang='lat' dir='ltr'><strong>pptnerit:</strong></span> <span class='ocrx_word' id='word_1_389' title='bbox 462 3559 541 3631; x_wconf 81' lang='grc' dir='ltr'><strong><em>αδτῳ</em></strong></span> <span class='ocrx_word' id='word_1_390' title='bbox 560 3557 592 3612; x_wconf 84' lang='grc' dir='ltr'><strong>δέ</strong></span> <span class='ocrx_word' id='word_1_391' title='bbox 608 3578 656 3625; x_wconf 91' lang='grc' dir='ltr'><strong>μοι</strong></span> <span class='ocrx_word' id='word_1_392' title='bbox 674 3555 732 3612; x_wconf 73' lang='lat' dir='ltr'><strong>dud</strong></span> <span class='ocrx_word' id='word_1_393' title='bbox 784 3567 873 3616; x_wconf 83' lang='lat' dir='ltr'><strong>citans</strong></span> <span class='ocrx_word' id='word_1_394' title='bbox 892 3563 980 3614; x_wconf 88' lang='lat' dir='ltr'><strong>locum</strong></span> <span class='ocrx_word' id='word_1_395' title='bbox 998 3579 1013 3614; x_wconf 89' lang='lat' dir='ltr'><strong>e</strong></span> <span class='ocrx_word' id='word_1_396' title='bbox 1030 3564 1203 3684; x_wconf 85' lang='lat' dir='ltr'><strong>Xenophout.</strong></span> <span class='ocrx_word' id='word_1_397' title='bbox 1215 3563 1323 3616; x_wconf 90' lang='lat' dir='ltr'><strong>Hellen.</strong></span> 
     </span>
    </p>

    <p class='ocr_par' dir='ltr' id='par_1_27' title="bbox 193 3615 1324 3716">
     <span class='ocr_line' id='line_1_58' title="bbox 193 3615 1324 3716; baseline 0.001 -33"><span class='ocrx_word' id='word_1_398' title='bbox 193 3627 386 3716; x_wconf 82' lang='grc' dir='ltr'><strong><em>ανδραποδοιν</em></strong></span> <span class='ocrx_word' id='word_1_399' title='bbox 401 3647 430 3683; x_wconf 87' lang='grc' dir='ltr'><strong><em>τε</em></strong></span> <span class='ocrx_word' id='word_1_400' title='bbox 449 3631 496 3684; x_wconf 81' lang='lat' dir='ltr'><strong>sol</strong></span> <span class='ocrx_word' id='word_1_401' title='bbox 509 3615 733 3698; x_wconf 60' lang='lat' dir='ltr'><strong>proconesson</strong></span> <span class='ocrx_word' id='word_1_402' title='bbox 783 3635 831 3696; x_wconf 91' lang='lat' dir='ltr'><strong>IV,</strong></span> <span class='ocrx_word' id='word_1_403' title='bbox 845 3637 870 3696; x_wconf 91' lang='lat' dir='ltr'><strong>l,</strong></span> <span class='ocrx_word' id='word_1_404' title='bbox 884 3633 917 3686; x_wconf 81' lang='grc'><strong>39</strong></span> <span class='ocrx_word' id='word_1_405' title='bbox 933 3627 1069 3697; x_wconf 81' lang='grc' dir='ltr'><strong><em>(ξινονσ</em></strong></span> <span class='ocrx_word' id='word_1_406' title='bbox 1080 3631 1278 3699; x_wconf 87' lang='grc' dir='ltr'><strong><em>ποιουμαι)</em></strong></span> <span class='ocrx_word' id='word_1_407' title='bbox 1296 3639 1324 3684; x_wconf 92' lang='lat' dir='ltr'><strong>et</strong></span> 
     </span>
    </p>

    <p class='ocr_par' dir='ltr' id='par_1_28' title="bbox 192 3693 1323 3769">
     <span class='ocr_line' id='line_1_59' title="bbox 192 3693 1323 3769; baseline 0.001 -18"><span class='ocrx_word' id='word_1_408' title='bbox 192 3696 264 3752; x_wconf 80' lang='grc' dir='ltr'><strong><em>νέων</em></strong></span> <span class='ocrx_word' id='word_1_409' title='bbox 287 3693 344 3752; x_wconf 82' lang='grc' dir='ltr'><strong><em>έστλ</em></strong></span> <span class='ocrx_word' id='word_1_410' title='bbox 364 3699 460 3769; x_wconf 75' lang='grc' dir='ltr'><strong><em>βίος.“</em></strong></span> <span class='ocrx_word' id='word_1_411' title='bbox 501 3705 532 3754; x_wconf 92' lang='lat' dir='ltr'><strong>In</strong></span> <span class='ocrx_word' id='word_1_412' title='bbox 550 3703 673 3768; x_wconf 85' lang='lat' dir='ltr'><strong>quibua</strong></span> <span class='ocrx_word' id='word_1_413' title='bbox 665 3702 733 3767; x_wconf 85' lang='lat' dir='ltr'><strong>rpsis</strong></span> <span class='ocrx_word' id='word_1_414' title='bbox 783 3701 1323 3768; x_wconf 64' lang='lat' dir='ltr'><strong>affarenslooutionemcpilovnocero-iou</strong></span> 
     </span>
    </p>

    <p class='ocr_par' dir='ltr' id='par_1_29' title="bbox 192 3771 1321 3838">
     <span class='ocr_line' id='line_1_60' title="bbox 192 3771 1321 3838; baseline -0.002 -14"><span class='ocrx_word' id='word_1_415' title='bbox 192 3771 329 3838; x_wconf 85' lang='lat' dir='ltr'><strong>(equidem</strong></span> <span class='ocrx_word' id='word_1_416' title='bbox 361 3774 394 3824; x_wconf 92' lang='lat' dir='ltr'><strong>ob</strong></span> <span class='ocrx_word' id='word_1_417' title='bbox 421 3773 499 3824; x_wconf 86' lang='lat' dir='ltr'><strong>codd.</strong></span> <span class='ocrx_word' id='word_1_418' title='bbox 526 3771 733 3836; x_wconf 84' lang='lat' dir='ltr'><strong>anctoritatem)</strong></span> <span class='ocrx_word' id='word_1_419' title='bbox 784 3772 996 3838; x_wconf 86' lang='lat' dir='ltr'><strong>inXenophont.</strong></span> <span class='ocrx_word' id='word_1_420' title='bbox 1015 3773 1103 3826; x_wconf 80' lang='lat' dir='ltr'><strong>Anah.</strong></span> <span class='ocrx_word' id='word_1_421' title='bbox 1118 3775 1156 3836; x_wconf 87' lang='lat' dir='ltr'><strong>V,</strong></span> <span class='ocrx_word' id='word_1_422' title='bbox 1171 3775 1201 3836; x_wconf 90' lang='grc'><strong>5,</strong></span> <span class='ocrx_word' id='word_1_423' title='bbox 1216 3774 1260 3824; x_wconf 92' lang='grc'><strong>12.</strong></span> <span class='ocrx_word' id='word_1_424' title='bbox 1279 3775 1321 3822; x_wconf 89' lang='grc'><strong>22</strong></span> 
     </span>
    </p>

    <p class='ocr_par' dir='ltr' id='par_1_30' title="bbox 192 3840 1324 3908">
     <span class='ocr_line' id='line_1_61' title="bbox 192 3840 1324 3908; baseline 0 -16"><span class='ocrx_word' id='word_1_425' title='bbox 192 3841 425 3908; x_wconf 69' lang='grc' dir='ltr'><strong><em>οιιιιιδοδιιοίρὴ,</em></strong></span> <span class='ocrx_word' id='word_1_426' title='bbox 438 3842 535 3901; x_wconf 67' lang='grc' dir='ltr'><strong><em>Θιίεί,</em></strong></span> <span class='ocrx_word' id='word_1_427' title='bbox 543 3841 652 3898; x_wconf 87' lang='lat' dir='ltr'><strong>Matth.</strong></span> <span class='ocrx_word' id='word_1_428' title='bbox 664 3840 734 3892; x_wconf 89' lang='lat' dir='ltr'><strong>Bek-</strong></span> <span class='ocrx_word' id='word_1_429' title='bbox 783 3845 817 3905; x_wconf 92' lang='lat' dir='ltr'><strong>V,</strong></span> <span class='ocrx_word' id='word_1_430' title='bbox 827 3842 888 3905; x_wconf 51' lang='lat' dir='ltr'><strong>nso.</strong></span> <span class='ocrx_word' id='word_1_431' title='bbox 907 3844 984 3904; x_wconf 84' lang='lat' dir='ltr'><strong>Quae</strong></span> <span class='ocrx_word' id='word_1_432' title='bbox 995 3842 1104 3906; x_wconf 85' lang='lat' dir='ltr'><strong>qurdem</strong></span> <span class='ocrx_word' id='word_1_433' title='bbox 1115 3841 1238 3893; x_wconf 87' lang='lat' dir='ltr'><strong>rnelraud</strong></span> <span class='ocrx_word' id='word_1_434' title='bbox 1252 3858 1324 3894; x_wconf 86' lang='lat' dir='ltr'><strong>corn</strong></span> 
     </span>
    </p>

    <p class='ocr_par' dir='ltr' id='par_1_31' title="bbox 193 3877 1322 3977">
     <span class='ocr_line' id='line_1_62' title="bbox 193 3877 1322 3977; baseline 0 -15"><span class='ocrx_word' id='word_1_435' title='bbox 193 3913 258 3962; x_wconf 85' lang='lat' dir='ltr'><strong>kero</strong></span> <span class='ocrx_word' id='word_1_436' title='bbox 273 3915 300 3962; x_wconf 91' lang='lat' dir='ltr'><strong>et</strong></span> <span class='ocrx_word' id='word_1_437' title='bbox 315 3928 386 3962; x_wconf 84' lang='lat' dir='ltr'><strong>racc</strong></span> <span class='ocrx_word' id='word_1_438' title='bbox 402 3877 462 3962; x_wconf 81' lang='lat' dir='ltr'><strong>edd.</strong></span> <span class='ocrx_word' id='word_1_439' title='bbox 480 3911 542 3962; x_wconf 79' lang='lat' dir='ltr'><strong>dedi</strong></span> <span class='ocrx_word' id='word_1_440' title='bbox 557 3907 734 3974; x_wconf 72' lang='grc' dir='ltr'><strong><em>γεωπεδίωνς</em></strong></span> <span class='ocrx_word' id='word_1_441' title='bbox 785 3918 904 3973; x_wconf 82' lang='lat' dir='ltr'><strong>movent,</strong></span> <span class='ocrx_word' id='word_1_442' title='bbox 912 3915 942 3961; x_wconf 90' lang='lat' dir='ltr'><strong>ut</strong></span> <span class='ocrx_word' id='word_1_443' title='bbox 952 3910 1076 3962; x_wconf 84' lang='lat' dir='ltr'><strong>voculam</strong></span> <span class='ocrx_word' id='word_1_444' title='bbox 1088 3903 1163 3974; x_wconf 77' lang='grc' dir='ltr'><strong><em>έμον</em></strong></span> <span class='ocrx_word' id='word_1_445' title='bbox 1174 3927 1244 3977; x_wconf 83' lang='lat' dir='ltr'><strong>qnae</strong></span> <span class='ocrx_word' id='word_1_446' title='bbox 1254 3912 1322 3963; x_wconf 87' lang='lat' dir='ltr'><strong>adeo</strong></span> 
     </span>
    </p>

    <p class='ocr_par' dir='ltr' id='par_1_32' title="bbox 194 3979 1323 4045">
     <span class='ocr_line' id='line_1_63' title="bbox 194 3979 1323 4045; baseline -0.002 -13"><span class='ocrx_word' id='word_1_447' title='bbox 194 3997 264 4032; x_wconf 89' lang='lat' dir='ltr'><strong>unus</strong></span> <span class='ocrx_word' id='word_1_448' title='bbox 287 3981 358 4032; x_wconf 88' lang='lat' dir='ltr'><strong>enim</strong></span> <span class='ocrx_word' id='word_1_449' title='bbox 377 3981 515 4032; x_wconf 85' lang='lat' dir='ltr'><strong>Sancroiti</strong></span> <span class='ocrx_word' id='word_1_450' title='bbox 536 3979 604 4030; x_wconf 89' lang='lat' dir='ltr'><strong>liber</strong></span> <span class='ocrx_word' id='word_1_451' title='bbox 625 3979 734 4031; x_wconf 86' lang='lat' dir='ltr'><strong>&#39;exhibet</strong></span> <span class='ocrx_word' id='word_1_452' title='bbox 785 3997 845 4032; x_wconf 86' lang='lat' dir='ltr'><strong>oum</strong></span> <span class='ocrx_word' id='word_1_453' title='bbox 860 3983 888 4032; x_wconf 84' lang='lat' dir='ltr'><strong>vi</strong></span> <span class='ocrx_word' id='word_1_454' title='bbox 902 3980 1018 4045; x_wconf 86' lang='lat' dir='ltr'><strong>quadam</strong></span> <span class='ocrx_word' id='word_1_455' title='bbox 1030 3981 1082 4032; x_wconf 88' lang='lat' dir='ltr'><strong>hoc</strong></span> <span class='ocrx_word' id='word_1_456' title='bbox 1096 3981 1157 4032; x_wconf 85' lang='lat' dir='ltr'><strong>loco</strong></span> <span class='ocrx_word' id='word_1_457' title='bbox 1169 3981 1265 4033; x_wconf 81' lang='lat' dir='ltr'><strong>addita</strong></span> <span class='ocrx_word' id='word_1_458' title='bbox 1282 3983 1323 4030; x_wconf 82' lang='lat' dir='ltr'><strong>vi-</strong></span> 
     </span>
    </p>

    <p class='ocr_par' dir='ltr' id='par_1_33' title="bbox 192 4046 1323 4133">
     <span class='ocr_line' id='line_1_64' title="bbox 192 4046 1323 4133; baseline 0.002 -33"><span class='ocrx_word' id='word_1_459' title='bbox 192 4046 356 4115; x_wconf 77' lang='grc' dir='ltr'><strong><em>γεωπέδων,</em></strong></span> <span class='ocrx_word' id='word_1_460' title='bbox 374 4051 445 4115; x_wconf 90' lang='lat' dir='ltr'><strong>quod</strong></span> <span class='ocrx_word' id='word_1_461' title='bbox 460 4067 474 4100; x_wconf 88' lang='lat' dir='ltr'><strong>e</strong></span> <span class='ocrx_word' id='word_1_462' title='bbox 488 4049 663 4116; x_wconf 84' lang='lat' dir='ltr'><strong>Wcsselingii</strong></span> <span class='ocrx_word' id='word_1_463' title='bbox 678 4049 732 4101; x_wconf 89' lang='lat' dir='ltr'><strong>edi·</strong></span> <span class='ocrx_word' id='word_1_464' title='bbox 784 4052 871 4114; x_wconf 87' lang='lat' dir='ltr'><strong>detur,</strong></span> <span class='ocrx_word' id='word_1_465' title='bbox 885 4049 1024 4100; x_wconf 86' lang='lat' dir='ltr'><strong>abundare</strong></span> <span class='ocrx_word' id='word_1_466' title='bbox 1034 4051 1142 4103; x_wconf 86' lang='lat' dir='ltr'><strong>credam</strong></span> <span class='ocrx_word' id='word_1_467' title='bbox 1152 4051 1323 4133; x_wconf 84' lang='lat' dir='ltr'><strong>indeqnede·</strong></span> 
     </span>
    </p>

    <p class='ocr_par' dir='ltr' id='par_1_34' title="bbox 193 4119 1324 4187">
     <span class='ocr_line' id='line_1_65' title="bbox 193 4119 1324 4187; baseline -0.003 -15"><span class='ocrx_word' id='word_1_468' title='bbox 193 4121 285 4173; x_wconf 72' lang='lat' dir='ltr'><strong>tione*</strong></span> <span class='ocrx_word' id='word_1_469' title='bbox 277 4137 306 4172; x_wconf 89' lang='grc' dir='ltr'><strong>ιιι</strong></span> <span class='ocrx_word' id='word_1_470' title='bbox 315 4119 386 4170; x_wconf 85' lang='grc' dir='ltr'><strong><em>ιι1ιιιι</em></strong></span> <span class='ocrx_word' id='word_1_471' title='bbox 396 4119 506 4170; x_wconf 85' lang='lat' dir='ltr'><strong>transiit</strong></span> <span class='ocrx_word' id='word_1_472' title='bbox 517 4119 661 4182; x_wconf 72' lang='lat' dir='ltr'><strong>editiones,</strong></span> <span class='ocrx_word' id='word_1_473' title='bbox 672 4135 731 4170; x_wconf 86' lang='lat' dir='ltr'><strong>curn</strong></span> <span class='ocrx_word' id='word_1_474' title='bbox 764 4122 860 4174; x_wconf 85' lang='lat' dir='ltr'><strong>..learn</strong></span> <span class='ocrx_word' id='word_1_475' title='bbox 885 4122 1028 4171; x_wconf 74' lang='lat' dir='ltr'><strong>Persarum</strong></span> <span class='ocrx_word' id='word_1_476' title='bbox 1042 4137 1119 4187; x_wconf 75' lang='lat' dir='ltr'><strong>reges</strong></span> <span class='ocrx_word' id='word_1_477' title='bbox 1135 4120 1178 4172; x_wconf 85' lang='lat' dir='ltr'><strong>vel</strong></span> <span class='ocrx_word' id='word_1_478' title='bbox 1193 4135 1254 4171; x_wconf 84' lang='lat' dir='ltr'><strong>cunr</strong></span> <span class='ocrx_word' id='word_1_479' title='bbox 1267 4120 1324 4170; x_wconf 85' lang='lat' dir='ltr'><strong>rin-</strong></span> 
     </span>
    </p>

    <p class='ocr_par' dir='ltr' id='par_1_35' title="bbox 163 4184 1323 4258">
     <span class='ocr_line' id='line_1_66' title="bbox 163 4184 1323 4258; baseline 0.002 -18"><span class='ocrx_word' id='word_1_480' title='bbox 163 4192 174 4210; x_wconf 85' lang='lat'><strong>&#39;·</strong></span> <span class='ocrx_word' id='word_1_481' title='bbox 193 4191 267 4258; x_wconf 82' lang='lat' dir='ltr'><strong>prius</strong></span> <span class='ocrx_word' id='word_1_482' title='bbox 280 4191 435 4242; x_wconf 85' lang='lat' dir='ltr'><strong>mendosum</strong></span> <span class='ocrx_word' id='word_1_483' title='bbox 447 4193 568 4239; x_wconf 70' lang='grc' dir='ltr'><strong><em>σιτίοισι</em></strong></span> <span class='ocrx_word' id='word_1_484' title='bbox 579 4184 732 4253; x_wconf 66' lang='lat' dir='ltr'><strong>proprios</strong></span> <span class='ocrx_word' id='word_1_485' title='bbox 783 4191 853 4256; x_wconf 77' lang='lat' dir='ltr'><strong>gulia</strong></span> <span class='ocrx_word' id='word_1_486' title='bbox 871 4189 987 4255; x_wconf 84' lang='lat' dir='ltr'><strong>privatis</strong></span> <span class='ocrx_word' id='word_1_487' title='bbox 1009 4189 1178 4253; x_wconf 85' lang='lat' dir='ltr'><strong>homiuibus,</strong></span> <span class='ocrx_word' id='word_1_488' title='bbox 1199 4190 1235 4240; x_wconf 83' lang='lat' dir='ltr'><strong>ad</strong></span> <span class='ocrx_word' id='word_1_489' title='bbox 1255 4204 1323 4254; x_wconf 86' lang='lat' dir='ltr'><strong>quos</strong></span> 
     </span>
    </p>

    <p class='ocr_par' dir='ltr' id='par_1_36' title="bbox 193 4228 1322 4326">
     <span class='ocr_line' id='line_1_67' title="bbox 193 4228 1322 4326; baseline 0 -16"><span class='ocrx_word' id='word_1_490' title='bbox 193 4259 356 4326; x_wconf 76' lang='lat' dir='ltr'><strong>Aeschylo</strong></span> <span class='ocrx_word' id='word_1_491' title='bbox 349 4275 377 4308; x_wconf 90' lang='grc' dir='ltr'><strong>ιιι</strong></span> <span class='ocrx_word' id='word_1_492' title='bbox 394 4259 530 4309; x_wconf 88' lang='lat' dir='ltr'><strong>Prometh.</strong></span> <span class='ocrx_word' id='word_1_493' title='bbox 549 4259 600 4311; x_wconf 85' lang='grc'><strong>854</strong></span> <span class='ocrx_word' id='word_1_494' title='bbox 623 4254 733 4324; x_wconf 76' lang='grc' dir='ltr'><strong><em>γάπεδα</em></strong></span> <span class='ocrx_word' id='word_1_495' title='bbox 784 4261 966 4322; x_wconf 83' lang='lat' dir='ltr'><strong>diverterant,</strong></span> <span class='ocrx_word' id='word_1_496' title='bbox 980 4258 1127 4325; x_wconf 78' lang='lat' dir='ltr'><strong>hospitium</strong></span> <span class='ocrx_word' id='word_1_497' title='bbox 1142 4228 1322 4320; x_wconf 83' lang='lat' dir='ltr'><strong>oobtraxisse,</strong></span> 
     </span>
    </p>

    <p class='ocr_par' dir='ltr' id='par_1_37' title="bbox 194 4296 1322 4414">
     <span class='ocr_line' id='line_1_68' title="bbox 194 4296 1322 4414; baseline -0.002 -34"><span class='ocrx_word' id='word_1_498' title='bbox 194 4345 265 4380; x_wconf 87' lang='lat' dir='ltr'><strong>nunc</strong></span> <span class='ocrx_word' id='word_1_499' title='bbox 278 4333 351 4379; x_wconf 87' lang='lat' dir='ltr'><strong>recto</strong></span> <span class='ocrx_word' id='word_1_500' title='bbox 360 4329 491 4393; x_wconf 88' lang='lat' dir='ltr'><strong>,opin0r,</strong></span> <span class='ocrx_word' id='word_1_501' title='bbox 512 4329 635 4379; x_wconf 75' lang='lat' dir='ltr'><strong>seauton</strong></span> <span class='ocrx_word' id='word_1_502' title='bbox 648 4327 735 4379; x_wconf 86' lang='lat' dir='ltr'><strong>Blorn</strong></span> <span class='ocrx_word' id='word_1_503' title='bbox 784 4329 862 4393; x_wconf 85' lang='lat' dir='ltr'><strong>pluro</strong></span> <span class='ocrx_word' id='word_1_504' title='bbox 882 4296 982 4380; x_wconf 80' lang='lat' dir='ltr'><strong>docsdt</strong></span> <span class='ocrx_word' id='word_1_505' title='bbox 998 4331 1122 4414; x_wconf 81' lang='lat' dir='ltr'><strong>exeprpla</strong></span> <span class='ocrx_word' id='word_1_506' title='bbox 1145 4346 1163 4380; x_wconf 83' lang='lat' dir='ltr'><strong>a</strong></span> <span class='ocrx_word' id='word_1_507' title='bbox 1181 4329 1322 4380; x_wconf 85' lang='lat' dir='ltr'><strong>Brissonio</strong></span> 
     </span>
    </p>

    <p class='ocr_par' dir='ltr' id='par_1_38' title="bbox 89 4396 1322 4466">
     <span class='ocr_line' id='line_1_69' title="bbox 89 4396 1322 4466; baseline 0 -19"><span class='ocrx_word' id='word_1_508' title='bbox 89 4449 95 4458; x_wconf 76' lang='grc'>,</span> <span class='ocrx_word' id='word_1_509' title='bbox 194 4397 280 4462; x_wconf 76' lang='lat' dir='ltr'><strong>held,</strong></span> <span class='ocrx_word' id='word_1_510' title='bbox 303 4402 425 4450; x_wconf 81' lang='lat' dir='ltr'><strong>veterum</strong></span> <span class='ocrx_word' id='word_1_511' title='bbox 441 4399 677 4463; x_wconf 79' lang='lat' dir='ltr'><strong>grammaticorum</strong></span> <span class='ocrx_word' id='word_1_512' title='bbox 694 4402 735 4447; x_wconf 90' lang='lat' dir='ltr'><strong>te·</strong></span> <span class='ocrx_word' id='word_1_513' title='bbox 785 4401 827 4450; x_wconf 92' lang='lat' dir='ltr'><strong>De</strong></span> <span class='ocrx_word' id='word_1_514' title='bbox 846 4415 901 4464; x_wconf 83' lang='lat' dir='ltr'><strong>reg.</strong></span> <span class='ocrx_word' id='word_1_515' title='bbox 918 4399 992 4450; x_wconf 90' lang='lat' dir='ltr'><strong>Pers.</strong></span> <span class='ocrx_word' id='word_1_516' title='bbox 1012 4401 1098 4466; x_wconf 91' lang='lat' dir='ltr'><strong>princ.</strong></span> <span class='ocrx_word' id='word_1_517' title='bbox 1112 4402 1139 4466; x_wconf 91' lang='lat' dir='ltr'><strong>I,</strong></span> <span class='ocrx_word' id='word_1_518' title='bbox 1159 4399 1205 4452; x_wconf 79' lang='lat' dir='ltr'><strong>ldl</strong></span> <span class='ocrx_word' id='word_1_519' title='bbox 1227 4396 1322 4452; x_wconf 87' lang='lat' dir='ltr'><strong>allata.</strong></span> 
     </span>
    </p>
   </div>
   <div class='ocr_carea' id='block_1_13' title="bbox 0 0 1540 4986">
    <p class='ocr_par' dir='ltr' id='par_1_39' title="bbox 0 0 1540 4986">
     <span class='ocr_line' id='line_1_70' title="bbox 0 0 1540 4986; baseline 0 0"><span class='ocrx_word' id='word_1_520' title='bbox 0 0 1540 4986; x_wconf 95' lang='lat' dir='ltr'><strong> </strong></span> 
     </span>
    </p>
   </div>
  </div>
 </body>
</html>
