3038 4994
241 341 303 404 272
677 341 943 408 HERODOTI

241 521 275 587 oi
302 516 340 585 di
361 523 605 604 Χερσονησῖται
626 517 880 608 πυνθανόμενοι
907 523 1011 588 ταῦτα
1033 519 1289 609 συνελέχθησαν
1304 515 1371 590 άπὸ
1381 541 1437 592 455

241 622 377 690 πασέων
403 623 472 687 τῶν
501 627 628 688 πολίων
649 626 682 690 ol
706 622 968 703 δυναστεύοντες
989 623 1179 692 πάντοθεν·
1212 631 1315 715 κοινῷ
1342 626 1380 694 δὲ
1505 619 1506 622 “

240 722 346 814 ordios
361 719 556 810 ἀπικόμενοι
579 718 622 803 ὡς
642 725 982 814 συλλυπηθησόμενοι
1001 728 1169 814 ἐδέθησαν
1182 721 1244 795 ὑπ’
1260 725 1378 797 αὐτοῦ.

241 823 433 912 Μιλτιάδης
446 851 482 893 τε
499 823 540 912 δὴ
555 835 639 912 ἴσχει
654 826 716 914 τὴν
730 829 960 918 Χερσόνησον,
983 836 1224 909 πεντακοσίους
1242 830 1380 917 βόσκων

243 927 458 1016 ἐπικούρους,
480 930 537 996 καὶ
551 932 665 1018 γαμέει
685 927 823 1018 Ὀλόρου
845 937 905 1000 τοῦ
922 938 1079 1020 Θρηΐκωυ
1092 935 1245 1019 βασιλέος
1265 943 1378 1019 θυγα-

196 1033 325 1117 4οτἕρα
340 1025 579 1120 Ἡγησιπύλην.
633 1022 741 1112 Οὗτος
764 1033 801 1101 δὲ
825 1029 842 1102 ὁ
862 1041 1017 1122 Κίμωνος
1040 1035 1231 1122 Μιλτιάδης
1256 1039 1379 1131 νεωστὶ

242 1134 304 1223 μὲν
319 1133 481 1221 ἐληλύθεε
497 1135 529 1214 ἐς
543 1133 605 1223 τὴν
617 1131 847 1223 Χερσόνησον,
862 1135 1091 1226 κατελάμβανε
1107 1139 1146 1205 δέ
1156 1165 1216 1224 μιν
1230 1137 1378 1208 ἐλθόντα

243 1339 357 1392 ubivid.
370 1343 440 1392 nott.
461 1368 494 1376 -
512 1338 553 1390 ild
566 1355 660 1390 vocem
673 1333 783 1404 δηλαδὴ
835 1353 895 1388 eum
910 1353 993 1403 quem
1005 1336 1119 1387 menime
1132 1341 1241 1398 tenent,
1260 1339 1278 1388 i.
1294 1355 1318 1388 e.
1334 1355 1378 1387 res

241 1410 276 1459 cl.
289 1409 337 1472 lv,
353 1407 410 1459 1³5.
832 1416 981 1468 praesentes
995 1422 1018 1459 s.
1029 1422 1093 1471 qnae
1103 1407 1291 1460 τιάοείστναυι.
1314 1409 1376 1458 Non

276 1470 448 1540 ἀπικόμενοι
472 1467 511 1531 ὡς
533 1467 785 1541 συλλυπηθησόμε-
833 1477 916 1526 aliter
930 1477 987 1527 iere
1000 1469 1126 1538 κατέχειν
1136 1476 1158 1537 Ι,
1169 1477 1211 1527 65.
1236 1476 1316 1539 ,,Ηοο
1328 1493 1377 1526 ειυ-

243 1544 302 1609 νοι]
339 1547 466 1609 ,,Νειυρε
482 1541 650 1607 nentium,
667 1544 783 1611 lugenti,
833 1550 887 1595 tem
906 1545 966 1595 loco
992 1544 1034 1609 (ut
1059 1543 1292 1608 Schweiphneusert
1314 1551 1376 1594 utar

242 1614 345 1664 luctum
358 1619 431 1663 certe
445 1611 595 1676 simulanti,
606 1629 675 1664 suune
688 1631 784 1680 qnoque
834 1615 935 1680 verbis)
956 1614 1029 1663 hund
1049 1613 1128 1663 dubie
1147 1628 1195 1664 eus
1215 1629 1258 1663 res
1276 1613 1388 1676 intelli-¹

242 1683 784 1746 sniismoeroremtestificeturisivenev-
833 1688 950 1748 guntur,
974 1682 1007 1733 de
1024 1683 1121 1747 quibus
1138 1683 1256 1745 scriptor
1282 1689 1376 1734 noster

242 1746 349 1800 θέοντα
376 1747 661 1814 παραμυθησόμενοι.
711 1753 783 1803 Olim
832 1768 893 1818 esp.
908 1753 958 1816 33,
973 1752 1131 1817 priusquam
1144 1750 1215 1800 huuc
1230 1751 1377 1817 digressio-

243 1823 326 1871 eticm
342 1821 377 1872 ud
391 1836 485 1886 reges,
502 1821 576 1871 viros
590 1823 728 1886 principes
740 1823 783 1874 vel
833 1837 894 1871 nem
915 1822 949 1872 de
970 1821 1105 1885 superiori
1122 1819 1263 1883 Miltiade,
1287 1823 1374 1886 primo

243 1891 372 1941 civitates
393 1906 453 1941 eum
478 1891 506 1938 in
528 1889 608 1940 finem
634 1891 790 1956 publicitus
833 1890 994 1941 Chersonesi
1008 1889 1284 1952 tyronumiustituit,
1300 1890 1375 1955 loqui

242 1961 325 2024 legati
338 1961 523 2011 mittebantur.
549 1959 674 2010 Aeschin.
688 1977 712 2013 c.
722 1962 784 2014 Cte-
833 1965 976 2024 coeperet,
987 1973 1056 2024 ques
1070 1973 1131 2007 mox
1146 1957 1243 2008 deinde
1261 1973 1322 2024 esp.
1340 1961 1372 2009 4Ι

244 2029 316 2094 siph.
331 2044 392 2094 psg.
407 2029 451 2091 88,
465 2029 499 2078 st
516 2025 592 2094 [pag.
607 2029 659 2080 634
674 2029 780 2096 Reisk.]
833 2043 967 2094 exponere
979 2028 1098 2092 pergit.“
1130 2027 1228 2092 ltaque
1243 2042 1290 2089 es,
1304 2043 1375 2093 quse

241 2099 375 2150 Funebris
396 2097 431 2149 ci.
451 2097 596 2148 Alexandri
613 2097 735 2150 lsudstio
755 2102 783 2149 in
832 2114 895 2163 cop.
912 2099 944 2148 4l
969 2100 1131 2146 enarrentur
1148 2112 1208 2146 curn
1229 2097 1279 2161 iis,
1304 2113 1375 2162 quse

242 2169 355 2218 Aristid.
377 2169 410 2220 Τ.
424 2169 446 2218 Ι.
471 2183 533 2233 psg.
552 2168 609 2218 142.
630 2169 683 2218 Dio
698 2169 782 2234 Chry·
832 2183 893 2232 esp.
913 2167 947 2218 33
964 2166 1128 2230 produntur,
1151 2172 1228 2215 erote
1246 2170 1375 2216 conuecti

242 2236 635 2303 sost.0r.X11.psg.lilSB.
661 2238 736 2288 Idem
753 2241 782 2288 in
833 2237 940 2288 dehent.
965 2235 1227 2299 Undosc,op1nor,
1244 2233 1373 2286 lociseu·

242 2309 346 2358 talibus
372 2306 563 2372 significabunt
586 2306 670 2357 verbo
697 2301 781 2356 συνά·
832 2307 937 2354 tentis:
972 2305 1041 2354 Huic
1060 2305 1174 2353 Miltiadi
1194 2304 1301 2354 Cimonis
1318 2308 1374 2367 filio

241 2375 381 2442 χθεσθαι,
398 2375 555 2439 συναλγεῖν,
572 2373 781 2439 συμπενθῆσαι,
833 2373 898 2438 (uon
912 2374 997 2438 priori
1014 2372 1055 2422 illi
1068 2371 1200 2434 Miltiadi,
1213 2371 1326 2436 Cypseli
1344 2375 1373 2424 fi-

243 2439 418 2512 συμπάσγειν
434 2449 461 2496 et
475 2443 688 2496 collectibiles.
713 2445 782 2494 Con·
831 2443 882 2504 lio,
905 2443 938 2492 de
957 2457 1009 2507 quo
1028 2443 1057 2490 in
1078 2441 1247 2505 digressione
1269 2441 1333 2492 inde
1356 2459 1373 2491 n

242 2521 295 2579 trs,
307 2514 351 2567 vel
359 2515 393 2564 ob
405 2514 547 2564 victorium
557 2519 722 2576 reportatam
739 2513 782 2564 vel
832 2526 891 2576 esp.
915 2513 949 2563 34
974 2511 1102 2560 instituto
1121 2510 1270 2574 retulerat)
1289 2515 1375 2562 stetim

243 2589 270 2635 in
289 2585 344 2634 clio
363 2599 393 2634 re
408 2582 500 2642 lecte,
519 2581 670 2645 legstlones
691 2581 781 2631 mitte·
830 2589 961 2645 postquam
985 2582 1124 2630 aduenerat
1148 2581 1173 2628 in
1196 2580 1375 2631 Chersonesum

242 2654 352 2715 buntur,
365 2667 435 2716 quse
448 2653 591 2702 civitatum
603 2651 729 2713 gaudium
745 2653 781 2699 si·
834 2649 882 2712 (ce
906 2665 992 2714 nuper
1009 2650 1114 2699 demum
1136 2648 1181 2698 ille
1204 2648 1374 2714 sdvsuerut)

242 2737 276 2772 vc
302 2735 396 2769 verum
420 2721 477 2770 sive
497 2719 587 2768 lictum
611 2719 783 2780 nunciarent,
831 2720 953 2780 praviora
970 2719 1116 2768 ceciderunt
1130 2720 1374 2784 natn,quanquae

243 2779 492 2854 συνησθησόμενοι
511 2786 555 2836 vel
574 2783 781 2850 σνγχαρησόμε-
831 2801 903 2849 nnnc,
919 2787 1121 2852 appr-edienlibns
1135 2787 1298 2837 Phoenicibus
1307 2791 1375 2840 Per-

242 2853 781 2994 itittititii³⁰tihilli
830 2856 1374 2991 tttrqfultlttiliiiiiiiii?

241 2993 305 3041 Mox
323 2983 492 3052 ἐπικουρους
512 2989 635 3056 intelligo
648 2995 780 3056 satellites,
830 2990 1008 3058 huenserns),
1028 2994 1150 3044 Athenas
1167 3009 1228 3044 cum
1246 2997 1373 3046 omnibns

241 3061 328 3110 milites
345 3060 537 3122 stipendiarios,
558 3065 589 3108 nt
608 3060 664 3124 ΙΙΙ,
684 3063 713 3123 4,
734 3063 780 3114 ubi
830 3062 888 3112 suis
901 3063 1014 3127 opibus,
1028 3079 1077 3127 per
1091 3066 1178 3113 otium
1189 3065 1310 3129 quinque
1324 3069 1372 3115 tri-

241 3128 296 3182 vid.
309 3132 379 3182 nott.
828 3131 947 3184 semibus
961 3133 1106 3196 impositis,
1118 3131 1319 3184 ultroAtheuss
1331 3150 1373 3184 re-

284 3189 496 3262 Ἡγησιπόλην]
532 3196 696 3262 Hesegipyle
717 3203 780 3263 post
829 3204 934 3263 petens,
949 3215 1031 3250 unum
1044 3201 1153 3265 quidem
1168 3217 1264 3253 novem
1278 3205 1373 3254 emisit

241 3265 375 3318 Miltiadis
384 3272 496 3316 mortem
506 3265 553 3315 olii
562 3265 722 3316 Atheniensi
732 3284 780 3319 uu-

241 3337 298 3400 psit
309 3339 380 3398 viro,
393 3337 463 3386 nude
476 3335 557 3385 filiurn
565 3335 675 3386 Olorum
687 3353 779 3388 susce-

241 3405 290 3468 pit,
306 3408 354 3469 qni
367 3407 425 3471 ipse
441 3404 625 3468 Thucydidis,
638 3405 780 3457 celeberri-

241 3475 277 3522 mi
291 3474 428 3536 historici,
446 3479 504 3524 erst
516 3479 603 3539 poter·
632 3475 704 3526 Hine
715 3475 780 3526 Seu-

240 3542 454 3603 thes‚Thrscum
469 3549 664 3608 rex,cognetos
677 3559 706 3594 se
719 3559 780 3595 nos-

241 3629 270 3662 se
281 3611 321 3660 nit
329 3612 511 3662 Athenienses
521 3611 721 3678 benevolosque
733 3613 781 3663 hs-

240 3680 303 3730 bers
318 3683 431 3730 emices·
465 3681 525 3732 Vid.
547 3681 672 3746 Xenoph.
691 3683 779 3733 Ansb.

240 3749 303 3810 VII,
317 3751 343 3798 2.
356 3752 380 3810 ξ.
397 3749 438 3800 31.
451 3775 486 3784 -
499 3743 626 3812 βασιλέος
635 3750 719 3814 μουΙο
732 3767 779 3802 sn-

241 3822 269 3869 te
281 3817 344 3867 dedi
360 3832 408 3882 pro
420 3812 563 3882 βασιλῆος,

440 3987 505 4038 Ces.
523 3987 581 4036 XL.

276 4083 465 4158 κατελάμβανε
483 4082 516 4138 δέ
528 4105 578 4153 μιν
594 4080 716 4139 ἐλθόντα
732 4082 780 4141 ἅλ-

240 4162 274 4212 λα
289 4159 345 4212 τάν
355 4153 530 4225 κατεχόντων
547 4151 718 4222 πρηγμάτων
731 4177 779 4225 χυ-

240 4227 392 4294 λεπιότερα]
417 4222 606 4291 κατελάμβανε
619 4227 735 4292 positum
749 4237 778 4280 ut

240 4301 287 4360 Vl,
303 4300 336 4350 38
350 4295 489 4364 κατέλαβε.
519 4297 583 4346 Mox
598 4293 632 4345 τά
646 4297 777 4362 κατέχον-

239 4381 274 4416 τα
293 4361 441 4434 πρήγματα
461 4370 525 4418 sunt
542 4381 598 4430 res,
617 4381 687 4434 quae
705 4384 778 4420 nune

830 3283 846 3316 s
855 3268 1040 3320 Phoenicibus
1050 3285 1111 3319 cnm
1122 3270 1177 3320 lilio
1190 3285 1239 3320 suo
1252 3279 1371 3336 neptem,

830 3337 878 3386 sed
891 3337 959 3386 nihil
970 3337 1037 3387 muli
1048 3337 1149 3388 eccidit
1157 3339 1222 3402 filio,
1233 3355 1313 3404 quem
1322 3343 1371 3392 ed·

830 3407 936 3455 modum
951 3408 1034 3456 etism
1049 3405 1198 3459 liberaliter
1212 3423 1258 3458 rsx
1271 3410 1371 3460 Perse-

829 3488 887 3523 rum
902 3475 1023 3539 excepit,
1038 3477 1120 3525 tertio
1142 3491 1205 3527 vero
1221 3481 1286 3528 ente
1298 3494 1370 3530 nuno

830 3542 937 3606 Scythis
954 3543 1150 3595 Chersonesum
1177 3546 1371 3599 insedentibus

831 3610 897 3676 lugi
915 3627 944 3662 se
969 3613 1107 3677 proripere
1125 3619 1240 3664 cosctus
1259 3619 1319 3666 eret
1343 3623 1371 3667 ct

831 3682 860 3729 in
873 3679 953 3730 exilio
966 3683 1051 3731 vitem
1068 3685 1179 3746 egerc.“
1208 3684 1241 3733 In
1259 3700 1314 3749 que
1330 3686 1371 3735 in-

830 3751 1043 3814 terpretatione,
1056 3765 1127 3814 quse
1144 3767 1199 3801 uns
1214 3754 1305 3804 verbis
1317 3755 1371 3804 He·

830 3819 933 3880 rodoti,
953 3819 1046 3884 quelle
1060 3834 1132 3870 nuuc
1144 3820 1285 3886 leguntur,
1305 3839 1370 3874 eou-

829 3887 918 3950 venit,
940 3889 1005 3938 mihi
1025 3889 1229 3940 subsistendum
1251 3891 1370 3955 videtur,

832 3972 993 4020 quemquam
1007 3957 1134 4020 displicet
1144 3960 1204 4010 viro
1221 3959 1302 4011 docto
1316 3963 1370 4012 An·

829 4024 874 4089 glo
891 4024 1000 4089 (Grotez
1023 4026 1137 4092 History
1154 4029 1185 4078 ol
1201 4029 1304 4080 Greeee
1320 4031 1367 4082 1v.

830 4109 893 4159 ρος.
908 4093 959 4146 368
971 4111 1027 4159 seq.
1042 4094 1121 4158 450),
1137 4098 1184 4160 qui
1199 4113 1290 4148 veram
1303 4115 1369 4150 οειι-

830 4178 897 4224 sam,
910 4179 980 4228 quse
989 4163 1140 4214 Miltiadem
1151 4167 1179 4214 iu
1192 4165 1285 4232 iugum
1298 4185 1370 4219 com-

829 4232 942 4296 pnlerit,
958 4233 1126 4282 Herodotum
1141 4235 1257 4303 latuisse
1274 4239 1370 4287 existi-

829 4306 894 4363 met,
910 4301 955 4366 qni
965 4303 1023 4350 sivo
1034 4301 1144 4352 inscitii
1153 4304 1211 4354 sive
1222 4320 1313 4355 errore
1323 4308 1370 4358 du·

828 4373 888 4421 ctus
901 4369 1051 4422 Miltiadem
1068 4370 1186 4438 Scythes
1207 4373 1369 4428 insedentes
