<?xml version="1.0" encoding="UTF-8"?>
<!DOCTYPE html PUBLIC "-//W3C//DTD XHTML 1.0 Transitional//EN"
    "http://www.w3.org/TR/xhtml1/DTD/xhtml1-transitional.dtd">
<html xmlns="http://www.w3.org/1999/xhtml" xml:lang="en" lang="en">
 <head>
  <title>
</title>
<meta http-equiv="Content-Type" content="text/html;charset=utf-8" />
  <meta name='ocr-system' content='tesseract 3.04.00' />
  <meta name='ocr-capabilities' content='ocr_page ocr_carea ocr_par ocr_line ocrx_word'/>
</head>
<body>
  <div class='ocr_page' id='page_1' title='image "./herodotihalicar01bhgoog_0131.png"; bbox 0 0 3010 4966; ppageno 0'>
   <div class='ocr_carea' id='block_1_1' title="bbox 193 287 252 355">
    <p class='ocr_par' dir='ltr' id='par_1_1' title="bbox 193 287 252 355">
     <span class='ocr_line' id='line_1_1' title="bbox 193 287 252 355; baseline -0.085 0"><span class='ocrx_word' id='word_1_1' title='bbox 193 287 252 355; x_wconf 80' lang='lat'><strong>120</strong></span> 
     </span>
    </p>
   </div>
   <div class='ocr_carea' id='block_1_2' title="bbox 623 279 891 346">
    <p class='ocr_par' dir='ltr' id='par_1_2' title="bbox 623 279 891 346">
     <span class='ocr_line' id='line_1_2' title="bbox 623 279 891 346; baseline 0 0"><span class='ocrx_word' id='word_1_2' title='bbox 623 279 891 346; x_wconf 80' lang='lat' dir='ltr'><strong>HERODOTI</strong></span> 
     </span>
    </p>
   </div>
   <div class='ocr_carea' id='block_1_3' title="bbox 150 453 1322 552">
    <p class='ocr_par' dir='ltr' id='par_1_3' title="bbox 150 453 1322 552">
     <span class='ocr_line' id='line_1_3' title="bbox 150 453 1322 552; baseline -0.008 -14"><span class='ocrx_word' id='word_1_3' title='bbox 150 472 155 482; x_wconf 87' lang='grc'><strong>’</strong></span> <span class='ocrx_word' id='word_1_4' title='bbox 191 464 249 538; x_wconf 84' lang='grc' dir='ltr'><strong><em>τὸν</em></strong></span> <span class='ocrx_word' id='word_1_5' title='bbox 263 465 390 537; x_wconf 80' lang='grc' dir='ltr'><em>ἑωυτοῦ</em></span> <span class='ocrx_word' id='word_1_6' title='bbox 404 459 635 552; x_wconf 77' lang='grc' dir='ltr'><em>μητροπάτορα</em></span> <span class='ocrx_word' id='word_1_7' title='bbox 643 512 652 549; x_wconf 90' lang='grc'><strong>,</strong></span> <span class='ocrx_word' id='word_1_8' title='bbox 667 461 874 532; x_wconf 77' lang='grc' dir='ltr'><strong><em>Κλεισθένεα</em></strong></span> <span class='ocrx_word' id='word_1_9' title='bbox 888 455 946 530; x_wconf 82' lang='grc' dir='ltr'><strong><em>τὸν</em></strong></span> <span class='ocrx_word' id='word_1_10' title='bbox 956 461 1130 539; x_wconf 73' lang='grc' dir='ltr'><strong><em>Σικυῶνος</em></strong></span> <span class='ocrx_word' id='word_1_11' title='bbox 1145 453 1322 549; x_wconf 80' lang='grc' dir='ltr'><strong><em>τύραννον.</em></strong></span> 
     </span>
    </p>
   </div>
   <div class='ocr_carea' id='block_1_4' title="bbox 191 663 739 2541">
    <p class='ocr_par' dir='ltr' id='par_1_4' title="bbox 191 663 733 1011">
     <span class='ocr_line' id='line_1_4' title="bbox 191 663 731 732; baseline -0.015 -10"><span class='ocrx_word' id='word_1_12' title='bbox 191 667 233 722; x_wconf 84' lang='grc'><strong>68.</strong></span> <span class='ocrx_word' id='word_1_13' title='bbox 261 667 302 718; x_wconf 89' lang='lat' dir='ltr'><strong>De</strong></span> <span class='ocrx_word' id='word_1_14' title='bbox 315 665 417 732; x_wconf 84' lang='lat' dir='ltr'><strong>duplici</strong></span> <span class='ocrx_word' id='word_1_15' title='bbox 431 665 604 727; x_wconf 79' lang='lat' dir='ltr'><strong>accusativo,</strong></span> <span class='ocrx_word' id='word_1_16' title='bbox 624 665 671 730; x_wconf 85' lang='lat' dir='ltr'><strong>qui</strong></span> <span class='ocrx_word' id='word_1_17' title='bbox 685 663 731 714; x_wconf 88' lang='lat' dir='ltr'><strong>ad-</strong></span> 
     </span>
     <span class='ocr_line' id='line_1_5' title="bbox 193 735 733 801; baseline -0.013 -10"><span class='ocrx_word' id='word_1_18' title='bbox 193 741 266 791; x_wconf 81' lang='lat' dir='ltr'><strong>ditur</strong></span> <span class='ocrx_word' id='word_1_19' title='bbox 279 739 361 788; x_wconf 88' lang='lat' dir='ltr'><strong>vorbo</strong></span> <span class='ocrx_word' id='word_1_20' title='bbox 375 735 538 801; x_wconf 77' lang='grc' dir='ltr'><strong><em>μιμεῖσθαι,</em></strong></span> <span class='ocrx_word' id='word_1_21' title='bbox 558 735 630 786; x_wconf 85' lang='lat' dir='ltr'><strong>coni.</strong></span> <span class='ocrx_word' id='word_1_22' title='bbox 645 735 733 786; x_wconf 86' lang='lat' dir='ltr'><strong>Xeno-</strong></span> 
     </span>
     <span class='ocr_line' id='line_1_6' title="bbox 193 793 733 890; baseline -0.007 -32"><span class='ocrx_word' id='word_1_23' title='bbox 193 809 288 876; x_wconf 85' lang='lat' dir='ltr'><strong>plront.</strong></span> <span class='ocrx_word' id='word_1_24' title='bbox 300 806 489 890; x_wconf 44' lang='lat' dir='ltr'><strong>Cyropaedql,</strong></span> <span class='ocrx_word' id='word_1_25' title='bbox 501 807 526 868; x_wconf 89' lang='grc'><strong>3,</strong></span> <span class='ocrx_word' id='word_1_26' title='bbox 541 805 571 856; x_wconf 92' lang='grc'><strong>10</strong></span> <span class='ocrx_word' id='word_1_27' title='bbox 583 793 679 870; x_wconf 70' lang='grc' dir='ltr'><strong><em>(τᾶλλα</em></strong></span> <span class='ocrx_word' id='word_1_28' title='bbox 690 820 733 869; x_wconf 85' lang='grc' dir='ltr'><strong><em>μι-</em></strong></span> 
     </span>
     <span class='ocr_line' id='line_1_7' title="bbox 194 871 733 944; baseline -0.002 -18"><span class='ocrx_word' id='word_1_29' title='bbox 194 871 335 944; x_wconf 77' lang='grc' dir='ltr'><strong><em>μούμενος</em></strong></span> <span class='ocrx_word' id='word_1_30' title='bbox 353 892 403 926; x_wconf 85' lang='grc' dir='ltr'><strong><em>τον</em></strong></span> <span class='ocrx_word' id='word_1_31' title='bbox 416 875 536 940; x_wconf 81' lang='grc' dir='ltr'><strong><em>Σακαν),</em></strong></span> <span class='ocrx_word' id='word_1_32' title='bbox 552 875 631 939; x_wconf 90' lang='lat' dir='ltr'>VIII,</span> <span class='ocrx_word' id='word_1_33' title='bbox 648 877 674 940; x_wconf 92' lang='grc' dir='ltr'><strong>Ι,</strong></span> <span class='ocrx_word' id='word_1_34' title='bbox 690 875 733 934; x_wconf 85' lang='grc'><strong>24,</strong></span> 
     </span>
     <span class='ocr_line' id='line_1_8' title="bbox 195 947 330 1011; baseline -0.03 -11"><span class='ocrx_word' id='word_1_35' title='bbox 195 947 330 1011; x_wconf 84' lang='lat' dir='ltr'><strong>neplura.</strong></span> 
     </span>
    </p>

    <p class='ocr_par' dir='ltr' id='par_1_5' title="bbox 195 1006 739 2541">
     <span class='ocr_line' id='line_1_9' title="bbox 229 1006 735 1076; baseline -0.014 -9"><span class='ocrx_word' id='word_1_36' title='bbox 229 1012 403 1067; x_wconf 74' lang='grc' dir='ltr'><strong><em>Κλεισθένεα</em></strong></span> <span class='ocrx_word' id='word_1_37' title='bbox 412 1006 462 1063; x_wconf 85' lang='grc' dir='ltr'><strong><em>τὸν</em></strong></span> <span class='ocrx_word' id='word_1_38' title='bbox 474 1011 621 1070; x_wconf 79' lang='grc' dir='ltr'><strong><em>Σικυῶνος</em></strong></span> <span class='ocrx_word' id='word_1_39' title='bbox 633 1007 735 1076; x_wconf 73' lang='grc' dir='ltr'><strong><em>τυράν-</em></strong></span> 
     </span>
     <span class='ocr_line' id='line_1_10' title="bbox 196 1083 735 1152; baseline -0.011 -14"><span class='ocrx_word' id='word_1_40' title='bbox 196 1086 259 1152; x_wconf 86' lang='grc' dir='ltr'><strong><em>νου]</em></strong></span> <span class='ocrx_word' id='word_1_41' title='bbox 286 1085 453 1152; x_wconf 86' lang='lat' dir='ltr'><strong>„Aequalem</strong></span> <span class='ocrx_word' id='word_1_42' title='bbox 477 1084 521 1135; x_wconf 89' lang='lat' dir='ltr'><strong>hic</strong></span> <span class='ocrx_word' id='word_1_43' title='bbox 541 1083 638 1134; x_wconf 77' lang='lat' dir='ltr'><strong>habuit</strong></span> <span class='ocrx_word' id='word_1_44' title='bbox 658 1083 735 1134; x_wconf 86' lang='lat' dir='ltr'><strong>Solo·</strong></span> 
     </span>
     <span class='ocr_line' id='line_1_11' title="bbox 196 1153 736 1218; baseline -0.009 -11"><span class='ocrx_word' id='word_1_45' title='bbox 196 1173 257 1208; x_wconf 86' lang='lat' dir='ltr'><strong>nem</strong></span> <span class='ocrx_word' id='word_1_46' title='bbox 270 1159 328 1207; x_wconf 87' lang='lat' dir='ltr'><strong>eius</strong></span> <span class='ocrx_word' id='word_1_47' title='bbox 340 1155 403 1206; x_wconf 87' lang='lat' dir='ltr'><strong>belli</strong></span> <span class='ocrx_word' id='word_1_48' title='bbox 418 1156 481 1213; x_wconf 79' lang='lat' dir='ltr'><strong>dux,</strong></span> <span class='ocrx_word' id='word_1_49' title='bbox 497 1169 551 1218; x_wconf 94' lang='lat' dir='ltr'><strong>quo</strong></span> <span class='ocrx_word' id='word_1_50' title='bbox 562 1153 736 1218; x_wconf 86' lang='lat' dir='ltr'><strong>Amphictyo-</strong></span> 
     </span>
     <span class='ocr_line' id='line_1_12' title="bbox 196 1223 736 1294; baseline -0.013 -16"><span class='ocrx_word' id='word_1_51' title='bbox 196 1243 244 1278; x_wconf 87' lang='lat' dir='ltr'><strong>nes</strong></span> <span class='ocrx_word' id='word_1_52' title='bbox 267 1226 349 1294; x_wconf 88' lang='lat' dir='ltr'><strong>[anno</strong></span> <span class='ocrx_word' id='word_1_53' title='bbox 362 1225 413 1277; x_wconf 88' lang='grc'><strong>666</strong></span> <span class='ocrx_word' id='word_1_54' title='bbox 427 1241 452 1275; x_wconf 87' lang='grc' dir='ltr'><strong><em>ιι.</em></strong></span> <span class='ocrx_word' id='word_1_55' title='bbox 468 1223 530 1277; x_wconf 83' lang='grc' dir='ltr'><strong>(11ιι,</strong></span> <span class='ocrx_word' id='word_1_56' title='bbox 545 1241 587 1284; x_wconf 89' lang='grc' dir='ltr'><strong><em>ιι.,</em></strong></span> <span class='ocrx_word' id='word_1_57' title='bbox 610 1228 640 1272; x_wconf 91' lang='lat' dir='ltr'><strong>ut</strong></span> <span class='ocrx_word' id='word_1_58' title='bbox 657 1223 736 1286; x_wconf 88' lang='lat' dir='ltr'><strong>ponit</strong></span> 
     </span>
     <span class='ocr_line' id='line_1_13' title="bbox 196 1291 735 1360; baseline -0.015 -12"><span class='ocrx_word' id='word_1_59' title='bbox 196 1297 358 1360; x_wconf 76' lang='lat' dir='ltr'><strong>Lurcherus,</strong></span> <span class='ocrx_word' id='word_1_60' title='bbox 374 1295 446 1345; x_wconf 82' lang='lat' dir='ltr'><strong>circa</strong></span> <span class='ocrx_word' id='word_1_61' title='bbox 458 1310 522 1344; x_wconf 83' lang='lat' dir='ltr'><strong>ann.</strong></span> <span class='ocrx_word' id='word_1_62' title='bbox 532 1293 584 1345; x_wconf 81' lang='grc'><strong>594</strong></span> <span class='ocrx_word' id='word_1_63' title='bbox 596 1297 659 1343; x_wconf 84' lang='lat' dir='ltr'><strong>ante</strong></span> <span class='ocrx_word' id='word_1_64' title='bbox 672 1291 735 1341; x_wconf 82' lang='lat' dir='ltr'><strong>Chr.</strong></span> 
     </span>
     <span class='ocr_line' id='line_1_14' title="bbox 197 1362 737 1430; baseline -0.011 -13"><span class='ocrx_word' id='word_1_65' title='bbox 197 1383 223 1417; x_wconf 92' lang='grc' dir='ltr'><strong><em>ιι,</em></strong></span> <span class='ocrx_word' id='word_1_66' title='bbox 237 1383 259 1418; x_wconf 87' lang='lat' dir='ltr'><strong>s.</strong></span> <span class='ocrx_word' id='word_1_67' title='bbox 269 1366 375 1430; x_wconf 88' lang='lat' dir='ltr'><strong>Olymp.</strong></span> <span class='ocrx_word' id='word_1_68' title='bbox 390 1364 493 1424; x_wconf 85' lang='lat' dir='ltr'>XLIV,</span> <span class='ocrx_word' id='word_1_69' title='bbox 508 1365 518 1412; x_wconf 93' lang='lat' dir='ltr'><strong>l</strong></span> <span class='ocrx_word' id='word_1_70' title='bbox 536 1363 682 1413; x_wconf 89' lang='lat' dir='ltr'><strong>secundum</strong></span> <span class='ocrx_word' id='word_1_71' title='bbox 692 1362 737 1411; x_wconf 86' lang='lat' dir='ltr'><strong>Fi·</strong></span> 
     </span>
     <span class='ocr_line' id='line_1_15' title="bbox 196 1429 736 1497; baseline -0.019 -9"><span class='ocrx_word' id='word_1_72' title='bbox 196 1435 333 1488; x_wconf 88' lang='lat' dir='ltr'><strong>scherum:</strong></span> <span class='ocrx_word' id='word_1_73' title='bbox 350 1432 574 1484; x_wconf 81' lang='lat' dir='ltr'><strong>Grieeh.Zeittut‘.</strong></span> <span class='ocrx_word' id='word_1_74' title='bbox 581 1449 606 1497; x_wconf 91' lang='lat' dir='ltr'><strong>p.</strong></span> <span class='ocrx_word' id='word_1_75' title='bbox 617 1433 663 1482; x_wconf 86' lang='grc'><strong>114</strong></span> <span class='ocrx_word' id='word_1_76' title='bbox 675 1429 736 1482; x_wconf 83' lang='grc' dir='ltr'><strong>οο11.</strong></span> 
     </span>
     <span class='ocr_line' id='line_1_16' title="bbox 198 1499 737 1569; baseline -0.006 -16"><span class='ocrx_word' id='word_1_77' title='bbox 198 1502 269 1569; x_wconf 90' lang='grc'><strong>116]</strong></span> <span class='ocrx_word' id='word_1_78' title='bbox 289 1503 340 1554; x_wconf 90' lang='lat' dir='ltr'><strong>ulti</strong></span> <span class='ocrx_word' id='word_1_79' title='bbox 353 1501 496 1552; x_wconf 81' lang='lat' dir='ltr'><strong>Cirrhaeos</strong></span> <span class='ocrx_word' id='word_1_80' title='bbox 514 1505 594 1564; x_wconf 84' lang='lat' dir='ltr'><strong>sunt,</strong></span> <span class='ocrx_word' id='word_1_81' title='bbox 615 1501 644 1552; x_wconf 88' lang='lat' dir='ltr'><strong>in</strong></span> <span class='ocrx_word' id='word_1_82' title='bbox 657 1499 737 1566; x_wconf 91' lang='lat' dir='ltr'><strong>Apol-</strong></span> 
     </span>
     <span class='ocr_line' id='line_1_17' title="bbox 195 1571 737 1636; baseline -0.009 -13"><span class='ocrx_word' id='word_1_83' title='bbox 195 1573 278 1623; x_wconf 82' lang='lat' dir='ltr'><strong>linem</strong></span> <span class='ocrx_word' id='word_1_84' title='bbox 296 1572 422 1636; x_wconf 91' lang='lat' dir='ltr'><strong>Pythium</strong></span> <span class='ocrx_word' id='word_1_85' title='bbox 448 1571 569 1635; x_wconf 83' lang='lat' dir='ltr'><strong>ingratos</strong></span> <span class='ocrx_word' id='word_1_86' title='bbox 594 1576 621 1621; x_wconf 87' lang='lat' dir='ltr'><strong>ct</strong></span> <span class='ocrx_word' id='word_1_87' title='bbox 643 1575 737 1621; x_wconf 85' lang='lat' dir='ltr'><strong>eontu-</strong></span> 
     </span>
     <span class='ocr_line' id='line_1_18' title="bbox 197 1637 735 1706; baseline -0.006 -14"><span class='ocrx_word' id='word_1_88' title='bbox 197 1642 323 1692; x_wconf 86' lang='lat' dir='ltr'><strong>meliosns</strong></span> <span class='ocrx_word' id='word_1_89' title='bbox 337 1641 408 1706; x_wconf 84' lang='lat' dir='ltr'><strong>apud</strong></span> <span class='ocrx_word' id='word_1_90' title='bbox 424 1641 540 1690; x_wconf 81' lang='lat' dir='ltr'><strong>Psusrm.</strong></span> <span class='ocrx_word' id='word_1_91' title='bbox 556 1641 593 1704; x_wconf 84' lang='lat' dir='ltr'><strong>X,</strong></span> <span class='ocrx_word' id='word_1_92' title='bbox 607 1640 640 1691; x_wconf 80' lang='lat'><strong>37</strong></span> <span class='ocrx_word' id='word_1_93' title='bbox 661 1640 696 1706; x_wconf 65' lang='grc' dir='ltr'><strong>[ξ.</strong></span> <span class='ocrx_word' id='word_1_94' title='bbox 707 1637 735 1706; x_wconf 84' lang='grc'><strong>4]</strong></span> 
     </span>
     <span class='ocr_line' id='line_1_19' title="bbox 198 1707 737 1776; baseline -0.007 -14"><span class='ocrx_word' id='word_1_95' title='bbox 198 1717 225 1762; x_wconf 91' lang='lat' dir='ltr'><strong>et</strong></span> <span class='ocrx_word' id='word_1_96' title='bbox 239 1712 307 1774; x_wconf 85' lang='lat'>11‚8</span> <span class='ocrx_word' id='word_1_97' title='bbox 326 1709 359 1776; x_wconf 69' lang='grc' dir='ltr'><strong>[ξ.</strong></span> <span class='ocrx_word' id='word_1_98' title='bbox 379 1707 424 1775; x_wconf 89' lang='grc'><strong>1],-</strong></span> <span class='ocrx_word' id='word_1_99' title='bbox 441 1709 486 1758; x_wconf 89' lang='lat' dir='ltr'><strong>ubi</strong></span> <span class='ocrx_word' id='word_1_100' title='bbox 502 1714 580 1772; x_wconf 87' lang='lat' dir='ltr'><strong>pater</strong></span> <span class='ocrx_word' id='word_1_101' title='bbox 591 1709 663 1760; x_wconf 89' lang='lat' dir='ltr'><strong>illius</strong></span> <span class='ocrx_word' id='word_1_102' title='bbox 678 1711 737 1759; x_wconf 90' lang='lat' dir='ltr'><strong>Ari·</strong></span> 
     </span>
     <span class='ocr_line' id='line_1_20' title="bbox 198 1779 737 1846; baseline -0.006 -15"><span class='ocrx_word' id='word_1_103' title='bbox 198 1787 354 1846; x_wconf 82' lang='lat' dir='ltr'><strong>stonymus.</strong></span> <span class='ocrx_word' id='word_1_104' title='bbox 365 1795 434 1829; x_wconf 83' lang='lat' dir='ltr'><strong>urus</strong></span> <span class='ocrx_word' id='word_1_105' title='bbox 445 1779 562 1843; x_wconf 83' lang='lat' dir='ltr'><strong>Pyrrho,</strong></span> <span class='ocrx_word' id='word_1_106' title='bbox 577 1781 670 1830; x_wconf 88' lang='lat' dir='ltr'><strong>cuncti</strong></span> <span class='ocrx_word' id='word_1_107' title='bbox 683 1779 737 1829; x_wconf 86' lang='lat' dir='ltr'><strong>ior·</strong></span> 
     </span>
     <span class='ocr_line' id='line_1_21' title="bbox 198 1849 736 1914; baseline -0.007 -12"><span class='ocrx_word' id='word_1_108' title='bbox 198 1858 270 1902; x_wconf 87' lang='lat' dir='ltr'><strong>tasse</strong></span> <span class='ocrx_word' id='word_1_109' title='bbox 290 1866 322 1900; x_wconf 86' lang='lat' dir='ltr'><strong>ex</strong></span> <span class='ocrx_word' id='word_1_110' title='bbox 336 1849 505 1913; x_wconf 83' lang='lat' dir='ltr'><strong>Ortlmgorae</strong></span> <span class='ocrx_word' id='word_1_111' title='bbox 526 1849 645 1913; x_wconf 82' lang='lat' dir='ltr'><strong>familia,</strong></span> <span class='ocrx_word' id='word_1_112' title='bbox 667 1864 736 1914; x_wconf 80' lang='lat' dir='ltr'><strong>quse</strong></span> 
     </span>
     <span class='ocr_line' id='line_1_22' title="bbox 199 1919 738 1984; baseline -0.004 -14"><span class='ocrx_word' id='word_1_113' title='bbox 199 1927 307 1971; x_wconf 86' lang='lat' dir='ltr'><strong>centum</strong></span> <span class='ocrx_word' id='word_1_114' title='bbox 331 1921 410 1969; x_wconf 86' lang='lat' dir='ltr'><strong>annis</strong></span> <span class='ocrx_word' id='word_1_115' title='bbox 430 1919 572 1974; x_wconf 82' lang='lat' dir='ltr'><strong>Sicyonem</strong></span> <span class='ocrx_word' id='word_1_116' title='bbox 594 1919 738 1984; x_wconf 76' lang='lat' dir='ltr'><strong>tyrannide</strong></span> 
     </span>
     <span class='ocr_line' id='line_1_23' title="bbox 198 1984 737 2056; baseline -0.004 -16"><span class='ocrx_word' id='word_1_117' title='bbox 198 1992 305 2056; x_wconf 86' lang='lat' dir='ltr'><strong>pressit,</strong></span> <span class='ocrx_word' id='word_1_118' title='bbox 318 1988 462 2039; x_wconf 76' lang='lat' dir='ltr'><strong>Aristotele</strong></span> <span class='ocrx_word' id='word_1_119' title='bbox 473 1988 555 2040; x_wconf 89' lang='lat' dir='ltr'><strong>Polit.</strong></span> <span class='ocrx_word' id='word_1_120' title='bbox 567 1990 599 2052; x_wconf 86' lang='lat' dir='ltr'><strong>V,</strong></span> <span class='ocrx_word' id='word_1_121' title='bbox 611 1989 642 2038; x_wconf 84' lang='grc'><strong>12</strong></span> <span class='ocrx_word' id='word_1_122' title='bbox 655 1989 698 2052; x_wconf 74' lang='lat' dir='ltr'><strong>W,</strong></span> <span class='ocrx_word' id='word_1_123' title='bbox 708 1984 737 2052; x_wconf 83' lang='lat' dir='ltr'><strong>u]</strong></span> 
     </span>
     <span class='ocr_line' id='line_1_24' title="bbox 198 2058 738 2123; baseline -0.007 -13"><span class='ocrx_word' id='word_1_124' title='bbox 198 2061 299 2111; x_wconf 85' lang='lat' dir='ltr'><strong>teste.“</strong></span> <span class='ocrx_word' id='word_1_125' title='bbox 328 2060 522 2123; x_wconf 77' lang='lat' dir='ltr'><strong>Werreliup.</strong></span> <span class='ocrx_word' id='word_1_126' title='bbox 559 2058 599 2108; x_wconf 94' lang='lat' dir='ltr'><strong>Ab</strong></span> <span class='ocrx_word' id='word_1_127' title='bbox 619 2058 669 2108; x_wconf 92' lang='lat' dir='ltr'><strong>hoe</strong></span> <span class='ocrx_word' id='word_1_128' title='bbox 688 2059 738 2122; x_wconf 83' lang='lat' dir='ltr'><strong>igi-</strong></span> 
     </span>
     <span class='ocr_line' id='line_1_25' title="bbox 198 2127 739 2194; baseline -0.009 -14"><span class='ocrx_word' id='word_1_129' title='bbox 198 2135 243 2180; x_wconf 88' lang='lat' dir='ltr'><strong>tur</strong></span> <span class='ocrx_word' id='word_1_130' title='bbox 256 2130 378 2180; x_wconf 82' lang='lat' dir='ltr'><strong>Clisthene</strong></span> <span class='ocrx_word' id='word_1_131' title='bbox 390 2127 520 2190; x_wconf 71' lang='lat' dir='ltr'><strong>Sicyonio,</strong></span> <span class='ocrx_word' id='word_1_132' title='bbox 539 2128 571 2176; x_wconf 92' lang='lat' dir='ltr'><strong>de</strong></span> <span class='ocrx_word' id='word_1_133' title='bbox 592 2144 644 2194; x_wconf 92' lang='lat' dir='ltr'><strong>quo</strong></span> <span class='ocrx_word' id='word_1_134' title='bbox 657 2128 739 2178; x_wconf 86' lang='lat' dir='ltr'><strong>etiam</strong></span> 
     </span>
     <span class='ocr_line' id='line_1_26' title="bbox 198 2197 737 2264; baseline -0.009 -15"><span class='ocrx_word' id='word_1_135' title='bbox 198 2199 278 2264; x_wconf 82' lang='lat' dir='ltr'><strong>pluro</strong></span> <span class='ocrx_word' id='word_1_136' title='bbox 289 2201 388 2250; x_wconf 79' lang='lat' dir='ltr'><strong>Noster</strong></span> <span class='ocrx_word' id='word_1_137' title='bbox 402 2199 450 2256; x_wconf 82' lang='lat' dir='ltr'><strong>vl,</strong></span> <span class='ocrx_word' id='word_1_138' title='bbox 467 2197 524 2258; x_wconf 89' lang='grc'><strong>126,</strong></span> <span class='ocrx_word' id='word_1_139' title='bbox 538 2197 584 2248; x_wconf 89' lang='lat' dir='ltr'><strong>ubi</strong></span> <span class='ocrx_word' id='word_1_140' title='bbox 595 2198 651 2248; x_wconf 88' lang='lat' dir='ltr'><strong>vid.</strong></span> <span class='ocrx_word' id='word_1_141' title='bbox 669 2202 737 2247; x_wconf 90' lang='lat' dir='ltr'><strong>nott.</strong></span> 
     </span>
     <span class='ocr_line' id='line_1_27' title="bbox 198 2267 738 2331; baseline -0.015 -9"><span class='ocrx_word' id='word_1_142' title='bbox 198 2269 333 2322; x_wconf 72' lang='lat' dir='ltr'><strong>Clisthenes</strong></span> <span class='ocrx_word' id='word_1_143' title='bbox 346 2267 505 2318; x_wconf 68' lang='lat' dir='ltr'><strong>Atheniensis</strong></span> <span class='ocrx_word' id='word_1_144' title='bbox 521 2283 616 2318; x_wconf 89' lang='lat' dir='ltr'><strong>nornen</strong></span> <span class='ocrx_word' id='word_1_145' title='bbox 630 2267 738 2331; x_wconf 82' lang='lat' dir='ltr'><strong>sucepit</strong></span> 
     </span>
     <span class='ocr_line' id='line_1_28' title="bbox 198 2336 738 2404; baseline -0.004 -16"><span class='ocrx_word' id='word_1_146' title='bbox 198 2355 247 2404; x_wconf 89' lang='lat' dir='ltr'><strong>pro</strong></span> <span class='ocrx_word' id='word_1_147' title='bbox 261 2337 307 2388; x_wconf 93' lang='lat' dir='ltr'><strong>illo</strong></span> <span class='ocrx_word' id='word_1_148' title='bbox 322 2338 486 2388; x_wconf 83' lang='lat' dir='ltr'><strong>Graecorum</strong></span> <span class='ocrx_word' id='word_1_149' title='bbox 502 2354 575 2388; x_wconf 87' lang='lat' dir='ltr'><strong>ruore</strong></span> <span class='ocrx_word' id='word_1_150' title='bbox 591 2336 653 2386; x_wconf 87' lang='lat' dir='ltr'><strong>filiis</strong></span> <span class='ocrx_word' id='word_1_151' title='bbox 672 2352 738 2387; x_wconf 85' lang='lat' dir='ltr'><strong>aro·</strong></span> 
     </span>
     <span class='ocr_line' id='line_1_29' title="bbox 198 2406 739 2472; baseline -0.007 -14"><span class='ocrx_word' id='word_1_152' title='bbox 198 2425 255 2458; x_wconf 89' lang='lat' dir='ltr'><strong>rum</strong></span> <span class='ocrx_word' id='word_1_153' title='bbox 280 2409 391 2458; x_wconf 83' lang='lat' dir='ltr'><strong>uomina</strong></span> <span class='ocrx_word' id='word_1_154' title='bbox 415 2408 576 2472; x_wconf 89' lang='lat' dir='ltr'><strong>imponendi.</strong></span> <span class='ocrx_word' id='word_1_155' title='bbox 613 2406 739 2458; x_wconf 77' lang='lat' dir='ltr'><strong>Refertur</strong></span> 
     </span>
     <span class='ocr_line' id='line_1_30' title="bbox 198 2475 739 2541; baseline -0.009 -12"><span class='ocrx_word' id='word_1_156' title='bbox 198 2477 350 2529; x_wconf 71' lang='lat' dir='ltr'><strong>Clisthenes</strong></span> <span class='ocrx_word' id='word_1_157' title='bbox 364 2477 508 2541; x_wconf 78' lang='lat' dir='ltr'><strong>Sicyonius</strong></span> <span class='ocrx_word' id='word_1_158' title='bbox 523 2493 539 2526; x_wconf 88' lang='lat' dir='ltr'><strong>a</strong></span> <span class='ocrx_word' id='word_1_159' title='bbox 552 2475 672 2528; x_wconf 83' lang='lat' dir='ltr'><strong>Schultz.</strong></span> <span class='ocrx_word' id='word_1_160' title='bbox 687 2476 739 2540; x_wconf 85' lang='lat' dir='ltr'><strong>Ap-</strong></span> 
     </span>
    </p>
   </div>
   <div class='ocr_carea' id='block_1_5' title="bbox 784 657 1331 2538">
    <p class='ocr_par' dir='ltr' id='par_1_6' title="bbox 784 657 1331 2538">
     <span class='ocr_line' id='line_1_31' title="bbox 784 657 1320 726; baseline -0.011 -11"><span class='ocrx_word' id='word_1_161' title='bbox 784 662 883 716; x_wconf 86' lang='lat' dir='ltr'><strong>Greeoe</strong></span> <span class='ocrx_word' id='word_1_162' title='bbox 893 661 946 711; x_wconf 89' lang='lat'>111.</span> <span class='ocrx_word' id='word_1_163' title='bbox 960 675 986 726; x_wconf 92' lang='lat' dir='ltr'><strong>p.</strong></span> <span class='ocrx_word' id='word_1_164' title='bbox 998 659 1032 712; x_wconf 85' lang='lat'><strong>50</strong></span> <span class='ocrx_word' id='word_1_165' title='bbox 1040 673 1115 726; x_wconf 82' lang='lat' dir='ltr'><strong>seqq.</strong></span> <span class='ocrx_word' id='word_1_166' title='bbox 1125 697 1132 725; x_wconf 88' lang='lat'>,</span> <span class='ocrx_word' id='word_1_167' title='bbox 1144 657 1242 712; x_wconf 82' lang='lat' dir='ltr'><strong>Beuld:</strong></span> <span class='ocrx_word' id='word_1_168' title='bbox 1256 660 1320 710; x_wconf 81' lang='lat' dir='ltr'><strong>Etu-</strong></span> 
     </span>
     <span class='ocr_line' id='line_1_32' title="bbox 784 729 1325 796; baseline -0.007 -12"><span class='ocrx_word' id='word_1_169' title='bbox 784 735 831 784; x_wconf 89' lang='lat' dir='ltr'><strong>des</strong></span> <span class='ocrx_word' id='word_1_170' title='bbox 848 747 893 783; x_wconf 89' lang='lat' dir='ltr'><strong>sur</strong></span> <span class='ocrx_word' id='word_1_171' title='bbox 915 731 940 781; x_wconf 89' lang='lat' dir='ltr'><strong>le</strong></span> <span class='ocrx_word' id='word_1_172' title='bbox 954 729 1143 794; x_wconf 67' lang='lat' dir='ltr'><strong>Peloponneso</strong></span> <span class='ocrx_word' id='word_1_173' title='bbox 1157 730 1179 780; x_wconf 89' lang='lat'><strong>1.</strong></span> <span class='ocrx_word' id='word_1_174' title='bbox 1194 745 1258 796; x_wconf 83' lang='lat' dir='ltr'><strong>pag.</strong></span> <span class='ocrx_word' id='word_1_175' title='bbox 1274 730 1325 781; x_wconf 86' lang='grc'><strong>341</strong></span> 
     </span>
     <span class='ocr_line' id='line_1_33' title="bbox 784 801 1325 869; baseline -0.013 -14"><span class='ocrx_word' id='word_1_176' title='bbox 784 819 841 869; x_wconf 87' lang='lat' dir='ltr'><strong>seq.</strong></span> <span class='ocrx_word' id='word_1_177' title='bbox 880 803 948 853; x_wconf 85' lang='lat' dir='ltr'><strong>Nam</strong></span> <span class='ocrx_word' id='word_1_178' title='bbox 966 801 1067 851; x_wconf 87' lang='lat' dir='ltr'><strong>Dorica</strong></span> <span class='ocrx_word' id='word_1_179' title='bbox 1084 803 1171 865; x_wconf 88' lang='lat' dir='ltr'><strong>stirpe</strong></span> <span class='ocrx_word' id='word_1_180' title='bbox 1191 801 1249 864; x_wconf 89' lang='lat' dir='ltr'><strong>ipse</strong></span> <span class='ocrx_word' id='word_1_181' title='bbox 1270 815 1325 850; x_wconf 90' lang='lat' dir='ltr'><strong>non</strong></span> 
     </span>
     <span class='ocr_line' id='line_1_34' title="bbox 786 869 1324 936; baseline -0.013 -11"><span class='ocrx_word' id='word_1_182' title='bbox 786 873 914 925; x_wconf 90' lang='lat' dir='ltr'><strong>oriundus</strong></span> <span class='ocrx_word' id='word_1_183' title='bbox 926 908 933 934; x_wconf 95' lang='lat'>‚</span> <span class='ocrx_word' id='word_1_184' title='bbox 950 871 1067 936; x_wconf 85' lang='lat' dir='ltr'><strong>indeque</strong></span> <span class='ocrx_word' id='word_1_185' title='bbox 1079 869 1205 935; x_wconf 85' lang='lat' dir='ltr'><strong>Sicyonis</strong></span> <span class='ocrx_word' id='word_1_186' title='bbox 1217 870 1324 930; x_wconf 87' lang='lat' dir='ltr'><strong>incolis,</strong></span> 
     </span>
     <span class='ocr_line' id='line_1_35' title="bbox 786 940 1327 1008; baseline -0.006 -15"><span class='ocrx_word' id='word_1_187' title='bbox 786 945 834 1008; x_wconf 90' lang='lat' dir='ltr'><strong>qui</strong></span> <span class='ocrx_word' id='word_1_188' title='bbox 853 943 940 993; x_wconf 88' lang='lat' dir='ltr'><strong>Dorcs</strong></span> <span class='ocrx_word' id='word_1_189' title='bbox 958 947 1051 1004; x_wconf 85' lang='lat' dir='ltr'><strong>erant,</strong></span> <span class='ocrx_word' id='word_1_190' title='bbox 1074 941 1190 1004; x_wconf 78' lang='lat' dir='ltr'><strong>aliisque</strong></span> <span class='ocrx_word' id='word_1_191' title='bbox 1206 940 1327 990; x_wconf 83' lang='lat' dir='ltr'><strong>Doribus</strong></span> 
     </span>
     <span class='ocr_line' id='line_1_36' title="bbox 787 1010 1326 1071; baseline -0.007 -8"><span class='ocrx_word' id='word_1_192' title='bbox 787 1012 947 1063; x_wconf 85' lang='lat' dir='ltr'><strong>civitatibus</strong></span> <span class='ocrx_word' id='word_1_193' title='bbox 966 1011 1084 1071; x_wconf 83' lang='lat' dir='ltr'><strong>invisus,</strong></span> <span class='ocrx_word' id='word_1_194' title='bbox 1107 1010 1157 1060; x_wconf 88' lang='lat' dir='ltr'><strong>hoe</strong></span> <span class='ocrx_word' id='word_1_195' title='bbox 1180 1011 1259 1061; x_wconf 90' lang='lat' dir='ltr'><strong>modo</strong></span> <span class='ocrx_word' id='word_1_196' title='bbox 1279 1025 1326 1060; x_wconf 85' lang='lat' dir='ltr'><strong>eos</strong></span> 
     </span>
     <span class='ocr_line' id='line_1_37' title="bbox 786 1080 1327 1146; baseline -0.009 -13"><span class='ocrx_word' id='word_1_197' title='bbox 786 1082 859 1133; x_wconf 86' lang='lat' dir='ltr'><strong>ultus</strong></span> <span class='ocrx_word' id='word_1_198' title='bbox 874 1087 931 1146; x_wconf 88' lang='lat' dir='ltr'><strong>est,</strong></span> <span class='ocrx_word' id='word_1_199' title='bbox 945 1088 975 1130; x_wconf 90' lang='lat' dir='ltr'><strong>ut</strong></span> <span class='ocrx_word' id='word_1_200' title='bbox 988 1080 1075 1131; x_wconf 90' lang='lat' dir='ltr'><strong>tribus</strong></span> <span class='ocrx_word' id='word_1_201' title='bbox 1088 1084 1220 1142; x_wconf 72' lang='lat' dir='ltr'><strong>mutaret,</strong></span> <span class='ocrx_word' id='word_1_202' title='bbox 1235 1095 1327 1144; x_wconf 88' lang='lat' dir='ltr'><strong>quem-</strong></span> 
     </span>
     <span class='ocr_line' id='line_1_38' title="bbox 785 1151 1326 1213; baseline -0.004 -11"><span class='ocrx_word' id='word_1_203' title='bbox 785 1152 930 1202; x_wconf 79' lang='lat' dir='ltr'><strong>admodum</strong></span> <span class='ocrx_word' id='word_1_204' title='bbox 954 1153 1055 1202; x_wconf 87' lang='lat' dir='ltr'><strong>Noster</strong></span> <span class='ocrx_word' id='word_1_205' title='bbox 1084 1153 1194 1200; x_wconf 83' lang='lat' dir='ltr'><strong>enarret</strong></span> <span class='ocrx_word' id='word_1_206' title='bbox 1215 1151 1255 1213; x_wconf 86' lang='lat' dir='ltr'><strong>V,</strong></span> <span class='ocrx_word' id='word_1_207' title='bbox 1276 1151 1326 1209; x_wconf 72' lang='lat'><strong>683</strong></span> 
     </span>
     <span class='ocr_line' id='line_1_39' title="bbox 787 1219 1328 1288; baseline -0.009 -15"><span class='ocrx_word' id='word_1_208' title='bbox 787 1224 853 1288; x_wconf 87' lang='lat' dir='ltr'><strong>quin</strong></span> <span class='ocrx_word' id='word_1_209' title='bbox 864 1237 922 1273; x_wconf 85' lang='lat' dir='ltr'><strong>eam</strong></span> <span class='ocrx_word' id='word_1_210' title='bbox 934 1222 1021 1286; x_wconf 76' lang='lat' dir='ltr'><strong>ipsum</strong></span> <span class='ocrx_word' id='word_1_211' title='bbox 1036 1220 1069 1270; x_wconf 93' lang='lat' dir='ltr'><strong>ob</strong></span> <span class='ocrx_word' id='word_1_212' title='bbox 1080 1235 1191 1270; x_wconf 86' lang='lat' dir='ltr'><strong>causum</strong></span> <span class='ocrx_word' id='word_1_213' title='bbox 1206 1235 1267 1269; x_wconf 90' lang='lat' dir='ltr'><strong>cum</strong></span> <span class='ocrx_word' id='word_1_214' title='bbox 1278 1219 1328 1268; x_wconf 88' lang='lat' dir='ltr'><strong>Ar·</strong></span> 
     </span>
     <span class='ocr_line' id='line_1_40' title="bbox 787 1289 1328 1358; baseline -0.011 -14"><span class='ocrx_word' id='word_1_215' title='bbox 787 1293 858 1358; x_wconf 80' lang='lat' dir='ltr'><strong>giris</strong></span> <span class='ocrx_word' id='word_1_216' title='bbox 881 1291 954 1356; x_wconf 88' lang='lat' dir='ltr'><strong>(nam</strong></span> <span class='ocrx_word' id='word_1_217' title='bbox 970 1291 1057 1356; x_wconf 80' lang='lat' dir='ltr'><strong>Argos</strong></span> <span class='ocrx_word' id='word_1_218' title='bbox 1083 1289 1146 1340; x_wconf 88' lang='lat' dir='ltr'><strong>urbs</strong></span> <span class='ocrx_word' id='word_1_219' title='bbox 1171 1294 1237 1339; x_wconf 89' lang='lat' dir='ltr'><strong>tune</strong></span> <span class='ocrx_word' id='word_1_220' title='bbox 1260 1295 1328 1339; x_wconf 87' lang='lat' dir='ltr'><strong>tem·</strong></span> 
     </span>
     <span class='ocr_line' id='line_1_41' title="bbox 787 1358 1328 1426; baseline -0.004 -14"><span class='ocrx_word' id='word_1_221' title='bbox 787 1363 861 1426; x_wconf 88' lang='lat' dir='ltr'><strong>poris</strong></span> <span class='ocrx_word' id='word_1_222' title='bbox 875 1361 1024 1426; x_wconf 73' lang='lat' dir='ltr'><strong>praecipua</strong></span> <span class='ocrx_word' id='word_1_223' title='bbox 1035 1361 1136 1410; x_wconf 89' lang='lat' dir='ltr'><strong>Dorum</strong></span> <span class='ocrx_word' id='word_1_224' title='bbox 1150 1358 1229 1410; x_wconf 86' lang='lat' dir='ltr'><strong>sedes</strong></span> <span class='ocrx_word' id='word_1_225' title='bbox 1240 1359 1267 1408; x_wconf 91' lang='lat' dir='ltr'><strong>in</strong></span> <span class='ocrx_word' id='word_1_226' title='bbox 1278 1359 1328 1410; x_wconf 90' lang='lat' dir='ltr'><strong>Pe·</strong></span> 
     </span>
     <span class='ocr_line' id='line_1_42' title="bbox 787 1429 1327 1496; baseline -0.004 -16"><span class='ocrx_word' id='word_1_227' title='bbox 787 1429 949 1496; x_wconf 90' lang='lat' dir='ltr'><strong>loponneso)</strong></span> <span class='ocrx_word' id='word_1_228' title='bbox 964 1429 1063 1480; x_wconf 88' lang='lat' dir='ltr'><strong>bellurn</strong></span> <span class='ocrx_word' id='word_1_229' title='bbox 1083 1429 1202 1494; x_wconf 81' lang='lat' dir='ltr'><strong>gessisse</strong></span> <span class='ocrx_word' id='word_1_230' title='bbox 1219 1429 1327 1479; x_wconf 85' lang='lat' dir='ltr'><strong>videtur</strong></span> 
     </span>
     <span class='ocr_line' id='line_1_43' title="bbox 788 1498 1329 1564; baseline -0.006 -13"><span class='ocrx_word' id='word_1_231' title='bbox 788 1507 815 1552; x_wconf 87' lang='lat' dir='ltr'><strong>et</strong></span> <span class='ocrx_word' id='word_1_232' title='bbox 838 1501 949 1551; x_wconf 77' lang='lat' dir='ltr'><strong>Adrasti</strong></span> <span class='ocrx_word' id='word_1_233' title='bbox 972 1500 1066 1564; x_wconf 82' lang='lat' dir='ltr'><strong>Argivi</strong></span> <span class='ocrx_word' id='word_1_234' title='bbox 1089 1498 1192 1549; x_wconf 87' lang='lat' dir='ltr'><strong>cultum</strong></span> <span class='ocrx_word' id='word_1_235' title='bbox 1215 1498 1329 1549; x_wconf 82' lang='lat' dir='ltr'><strong>eiecisse</strong></span> 
     </span>
     <span class='ocr_line' id='line_1_44' title="bbox 788 1569 1329 1633; baseline -0.007 -13"><span class='ocrx_word' id='word_1_236' title='bbox 788 1570 856 1632; x_wconf 84' lang='lat' dir='ltr'><strong>(eius</strong></span> <span class='ocrx_word' id='word_1_237' title='bbox 870 1571 998 1620; x_wconf 88' lang='lat' dir='ltr'><strong>inlocum</strong></span> <span class='ocrx_word' id='word_1_238' title='bbox 1012 1569 1115 1619; x_wconf 82' lang='lat' dir='ltr'><strong>Bocchi</strong></span> <span class='ocrx_word' id='word_1_239' title='bbox 1130 1569 1226 1632; x_wconf 85' lang='lat' dir='ltr'><strong>sacris,</strong></span> <span class='ocrx_word' id='word_1_240' title='bbox 1240 1583 1257 1618; x_wconf 82' lang='lat' dir='ltr'><strong>s</strong></span> <span class='ocrx_word' id='word_1_241' title='bbox 1269 1569 1329 1633; x_wconf 90' lang='lat' dir='ltr'><strong>qui-</strong></span> 
     </span>
     <span class='ocr_line' id='line_1_45' title="bbox 787 1639 1330 1704; baseline -0.007 -14"><span class='ocrx_word' id='word_1_242' title='bbox 787 1641 837 1690; x_wconf 85' lang='lat' dir='ltr'><strong>bus</strong></span> <span class='ocrx_word' id='word_1_243' title='bbox 848 1641 936 1692; x_wconf 86' lang='lat' dir='ltr'><strong>Dores</strong></span> <span class='ocrx_word' id='word_1_244' title='bbox 950 1639 1029 1704; x_wconf 86' lang='lat' dir='ltr'><strong>plane</strong></span> <span class='ocrx_word' id='word_1_245' title='bbox 1044 1639 1231 1698; x_wconf 72' lang='lat' dir='ltr'><strong>alieniorem,</strong></span> <span class='ocrx_word' id='word_1_246' title='bbox 1245 1639 1330 1687; x_wconf 89' lang='lat' dir='ltr'><strong>intro-</strong></span> 
     </span>
     <span class='ocr_line' id='line_1_46' title="bbox 788 1707 1329 1775; baseline -0.007 -15"><span class='ocrx_word' id='word_1_247' title='bbox 788 1709 905 1775; x_wconf 79' lang='lat' dir='ltr'><strong>ductis),</strong></span> <span class='ocrx_word' id='word_1_248' title='bbox 918 1709 1060 1774; x_wconf 86' lang='lat' dir='ltr'><strong>rhapsodis</strong></span> <span class='ocrx_word' id='word_1_249' title='bbox 1076 1709 1193 1772; x_wconf 90' lang='lat' dir='ltr'><strong>denique</strong></span> <span class='ocrx_word' id='word_1_250' title='bbox 1206 1707 1329 1757; x_wconf 88' lang='lat' dir='ltr'><strong>Homeri-</strong></span> 
     </span>
     <span class='ocr_line' id='line_1_47' title="bbox 788 1777 1331 1842; baseline -0.007 -12"><span class='ocrx_word' id='word_1_251' title='bbox 788 1780 827 1830; x_wconf 87' lang='lat' dir='ltr'><strong>cis</strong></span> <span class='ocrx_word' id='word_1_252' title='bbox 843 1780 1032 1841; x_wconf 74' lang='lat' dir='ltr'><strong>interdixisse,</strong></span> <span class='ocrx_word' id='word_1_253' title='bbox 1056 1794 1117 1828; x_wconf 89' lang='lat' dir='ltr'><strong>eum</strong></span> <span class='ocrx_word' id='word_1_254' title='bbox 1130 1779 1215 1842; x_wconf 84' lang='lat' dir='ltr'><strong>Argos</strong></span> <span class='ocrx_word' id='word_1_255' title='bbox 1230 1777 1331 1826; x_wconf 89' lang='lat' dir='ltr'><strong>Home·</strong></span> 
     </span>
     <span class='ocr_line' id='line_1_48' title="bbox 788 1847 1329 1913; baseline -0.009 -13"><span class='ocrx_word' id='word_1_256' title='bbox 788 1866 836 1900; x_wconf 85' lang='lat' dir='ltr'><strong>rus</strong></span> <span class='ocrx_word' id='word_1_257' title='bbox 862 1849 979 1900; x_wconf 87' lang='lat' dir='ltr'><strong>celebret</strong></span> <span class='ocrx_word' id='word_1_258' title='bbox 1004 1848 1232 1913; x_wconf 81' lang='lat' dir='ltr'><strong>optimatiumque</strong></span> <span class='ocrx_word' id='word_1_259' title='bbox 1257 1847 1329 1911; x_wconf 79' lang='lat' dir='ltr'><strong>regi-</strong></span> 
     </span>
     <span class='ocr_line' id='line_1_49' title="bbox 789 1916 1330 1970; baseline -0.009 -1"><span class='ocrx_word' id='word_1_260' title='bbox 789 1935 858 1970; x_wconf 88' lang='lat' dir='ltr'><strong>men.</strong></span> <span class='ocrx_word' id='word_1_261' title='bbox 884 1920 961 1969; x_wconf 87' lang='lat' dir='ltr'><strong>Haec</strong></span> <span class='ocrx_word' id='word_1_262' title='bbox 973 1918 1029 1968; x_wconf 84' lang='lat' dir='ltr'><strong>fere</strong></span> <span class='ocrx_word' id='word_1_263' title='bbox 1045 1933 1078 1968; x_wconf 78' lang='lat' dir='ltr'><strong>ex</strong></span> <span class='ocrx_word' id='word_1_264' title='bbox 1090 1916 1223 1967; x_wconf 88' lang='lat' dir='ltr'><strong>Herodoti</strong></span> <span class='ocrx_word' id='word_1_265' title='bbox 1237 1932 1330 1966; x_wconf 86' lang='lat' dir='ltr'><strong>nerra-</strong></span> 
     </span>
     <span class='ocr_line' id='line_1_50' title="bbox 790 1985 1327 2039; baseline -0.011 0"><span class='ocrx_word' id='word_1_266' title='bbox 790 1991 865 2039; x_wconf 88' lang='lat' dir='ltr'><strong>tionc</strong></span> <span class='ocrx_word' id='word_1_267' title='bbox 878 1989 947 2038; x_wconf 84' lang='lat' dir='ltr'><strong>satis</strong></span> <span class='ocrx_word' id='word_1_268' title='bbox 965 1985 1071 2038; x_wconf 79' lang='lat' dir='ltr'><strong>elucere</strong></span> <span class='ocrx_word' id='word_1_269' title='bbox 1084 1987 1233 2038; x_wconf 81' lang='lat' dir='ltr'><strong>arbitretur</strong></span> <span class='ocrx_word' id='word_1_270' title='bbox 1248 1987 1277 2036; x_wconf 85' lang='lat' dir='ltr'><strong>C.</strong></span> <span class='ocrx_word' id='word_1_271' title='bbox 1294 1985 1327 2035; x_wconf 93' lang='grc' dir='ltr'><strong>Ο.</strong></span> 
     </span>
     <span class='ocr_line' id='line_1_51' title="bbox 790 2055 1330 2118; baseline -0.007 -9"><span class='ocrx_word' id='word_1_272' title='bbox 790 2058 904 2109; x_wconf 88' lang='lat' dir='ltr'><strong>Mueller</strong></span> <span class='ocrx_word' id='word_1_273' title='bbox 920 2058 939 2108; x_wconf 92' lang='lat' dir='ltr'><strong>l.</strong></span> <span class='ocrx_word' id='word_1_274' title='bbox 956 2057 991 2118; x_wconf 89' lang='grc'><strong>1.,</strong></span> <span class='ocrx_word' id='word_1_275' title='bbox 1011 2057 1055 2106; x_wconf 90' lang='lat' dir='ltr'><strong>eui</strong></span> <span class='ocrx_word' id='word_1_276' title='bbox 1074 2056 1118 2107; x_wconf 84' lang='lat' dir='ltr'><strong>vel</strong></span> <span class='ocrx_word' id='word_1_277' title='bbox 1136 2057 1222 2108; x_wconf 75' lang='lat' dir='ltr'><strong>cussis</strong></span> <span class='ocrx_word' id='word_1_278' title='bbox 1238 2055 1285 2105; x_wconf 84' lang='lat' dir='ltr'><strong>ills</strong></span> <span class='ocrx_word' id='word_1_279' title='bbox 1301 2056 1330 2105; x_wconf 90' lang='lat' dir='ltr'><strong>in</strong></span> 
     </span>
     <span class='ocr_line' id='line_1_52' title="bbox 789 2124 1329 2192; baseline -0.006 -14"><span class='ocrx_word' id='word_1_280' title='bbox 789 2127 892 2192; x_wconf 88' lang='lat' dir='ltr'><strong>Alpheo</strong></span> <span class='ocrx_word' id='word_1_281' title='bbox 906 2143 990 2192; x_wconf 91' lang='lat' dir='ltr'><strong>nuper</strong></span> <span class='ocrx_word' id='word_1_282' title='bbox 1004 2131 1113 2191; x_wconf 84' lang='lat' dir='ltr'><strong>repertu</strong></span> <span class='ocrx_word' id='word_1_283' title='bbox 1129 2131 1157 2176; x_wconf 90' lang='lat' dir='ltr'><strong>et</strong></span> <span class='ocrx_word' id='word_1_284' title='bbox 1172 2126 1206 2176; x_wconf 88' lang='lat' dir='ltr'><strong>ab</strong></span> <span class='ocrx_word' id='word_1_285' title='bbox 1219 2124 1329 2190; x_wconf 83' lang='lat' dir='ltr'><strong>Argivis</strong></span> 
     </span>
     <span class='ocr_line' id='line_1_53' title="bbox 790 2193 1329 2262; baseline -0.011 -14"><span class='ocrx_word' id='word_1_286' title='bbox 790 2197 941 2262; x_wconf 85' lang='lat' dir='ltr'><strong>Olympium</strong></span> <span class='ocrx_word' id='word_1_287' title='bbox 954 2201 1116 2247; x_wconf 83' lang='lat' dir='ltr'><strong>consecrata</strong></span> <span class='ocrx_word' id='word_1_288' title='bbox 1130 2197 1165 2246; x_wconf 88' lang='lat' dir='ltr'><strong>ad</strong></span> <span class='ocrx_word' id='word_1_289' title='bbox 1176 2196 1260 2247; x_wconf 88' lang='lat' dir='ltr'><strong>hoece</strong></span> <span class='ocrx_word' id='word_1_290' title='bbox 1273 2193 1329 2246; x_wconf 92' lang='lat' dir='ltr'><strong>bel-</strong></span> 
     </span>
     <span class='ocr_line' id='line_1_54' title="bbox 789 2265 1330 2330; baseline -0.007 -13"><span class='ocrx_word' id='word_1_291' title='bbox 789 2267 844 2317; x_wconf 89' lang='lat' dir='ltr'><strong>lum</strong></span> <span class='ocrx_word' id='word_1_292' title='bbox 856 2265 951 2316; x_wconf 79' lang='lat' dir='ltr'><strong>referri</strong></span> <span class='ocrx_word' id='word_1_293' title='bbox 966 2281 1046 2330; x_wconf 84' lang='lat' dir='ltr'><strong>posse</strong></span> <span class='ocrx_word' id='word_1_294' title='bbox 1062 2267 1181 2317; x_wconf 83' lang='lat' dir='ltr'><strong>ridetur.</strong></span> <span class='ocrx_word' id='word_1_295' title='bbox 1214 2266 1330 2316; x_wconf 86' lang='lat' dir='ltr'><strong>Mortem</strong></span> 
     </span>
     <span class='ocr_line' id='line_1_55' title="bbox 789 2334 1330 2401; baseline -0.004 -16"><span class='ocrx_word' id='word_1_296' title='bbox 789 2337 936 2386; x_wconf 79' lang='lat' dir='ltr'><strong>Clisthenis</strong></span> <span class='ocrx_word' id='word_1_297' title='bbox 956 2335 1086 2400; x_wconf 83' lang='lat' dir='ltr'><strong>finemque</strong></span> <span class='ocrx_word' id='word_1_298' title='bbox 1107 2335 1260 2401; x_wconf 77' lang='lat' dir='ltr'><strong>tyrannidis</strong></span> <span class='ocrx_word' id='word_1_299' title='bbox 1280 2334 1330 2384; x_wconf 89' lang='lat' dir='ltr'><strong>Or·</strong></span> 
     </span>
     <span class='ocr_line' id='line_1_56' title="bbox 789 2403 1329 2471; baseline -0.006 -15"><span class='ocrx_word' id='word_1_300' title='bbox 789 2405 993 2471; x_wconf 82' lang='lat' dir='ltr'><strong>thagoridarum</strong></span> <span class='ocrx_word' id='word_1_301' title='bbox 1008 2403 1091 2456; x_wconf 80' lang='lat' dir='ltr'><strong>Grote</strong></span> <span class='ocrx_word' id='word_1_302' title='bbox 1101 2405 1119 2454; x_wconf 90' lang='lat' dir='ltr'><strong>l.</strong></span> <span class='ocrx_word' id='word_1_303' title='bbox 1129 2405 1146 2454; x_wconf 89' lang='lat' dir='ltr'><strong>l.</strong></span> <span class='ocrx_word' id='word_1_304' title='bbox 1163 2409 1240 2469; x_wconf 90' lang='lat' dir='ltr'><strong>ponit</strong></span> <span class='ocrx_word' id='word_1_305' title='bbox 1255 2405 1329 2455; x_wconf 84' lang='lat' dir='ltr'><strong>circa</strong></span> 
     </span>
     <span class='ocr_line' id='line_1_57' title="bbox 789 2473 1330 2538; baseline -0.004 -14"><span class='ocrx_word' id='word_1_306' title='bbox 789 2491 844 2524; x_wconf 78' lang='lat' dir='ltr'><strong>ann</strong></span> <span class='ocrx_word' id='word_1_307' title='bbox 862 2475 913 2526; x_wconf 77' lang='lat' dir='ltr'><strong>dll‘)</strong></span> <span class='ocrx_word' id='word_1_308' title='bbox 924 2479 988 2524; x_wconf 85' lang='lat' dir='ltr'><strong>ante</strong></span> <span class='ocrx_word' id='word_1_309' title='bbox 998 2473 1061 2525; x_wconf 87' lang='lat' dir='ltr'><strong>Chr.</strong></span> <span class='ocrx_word' id='word_1_310' title='bbox 1072 2491 1108 2538; x_wconf 83' lang='lat' dir='ltr'><strong>n.,</strong></span> <span class='ocrx_word' id='word_1_311' title='bbox 1120 2475 1149 2524; x_wconf 84' lang='lat' dir='ltr'><strong>C.</strong></span> <span class='ocrx_word' id='word_1_312' title='bbox 1160 2477 1192 2524; x_wconf 84' lang='lat' dir='ltr'><strong>F.</strong></span> <span class='ocrx_word' id='word_1_313' title='bbox 1201 2476 1330 2524; x_wconf 83' lang='lat' dir='ltr'><strong>Hermun-</strong></span> 
     </span>
    </p>
   </div>
   <div class='ocr_carea' id='block_1_6' title="bbox 157 2543 1360 4417">
    <p class='ocr_par' dir='ltr' id='par_1_7' title="bbox 157 2543 1360 4417">
     <span class='ocr_line' id='line_1_58' title="bbox 198 2543 1330 2613; baseline -0.005 -15"><span class='ocrx_word' id='word_1_314' title='bbox 198 2565 255 2613; x_wconf 85' lang='lat' dir='ltr'><strong>psr.</strong></span> <span class='ocrx_word' id='word_1_315' title='bbox 271 2548 359 2598; x_wconf 89' lang='lat' dir='ltr'><strong>critic.</strong></span> <span class='ocrx_word' id='word_1_316' title='bbox 374 2561 436 2612; x_wconf 84' lang='lat' dir='ltr'><strong>pag.</strong></span> <span class='ocrx_word' id='word_1_317' title='bbox 455 2547 471 2596; x_wconf 91' lang='grc'><strong>6</strong></span> <span class='ocrx_word' id='word_1_318' title='bbox 490 2563 566 2610; x_wconf 81' lang='lat' dir='ltr'><strong>seqq.</strong></span> <span class='ocrx_word' id='word_1_319' title='bbox 581 2545 615 2594; x_wconf 85' lang='lat' dir='ltr'><strong>ad</strong></span> <span class='ocrx_word' id='word_1_320' title='bbox 630 2544 736 2610; x_wconf 91' lang='lat' dir='ltr'><strong>Olymp.</strong></span> <span class='ocrx_word' id='word_1_321' title='bbox 789 2560 839 2594; x_wconf 88' lang='lat' dir='ltr'><strong>nus</strong></span> <span class='ocrx_word' id='word_1_322' title='bbox 854 2544 871 2594; x_wconf 91' lang='lat' dir='ltr'><strong>l.</strong></span> <span class='ocrx_word' id='word_1_323' title='bbox 881 2543 898 2594; x_wconf 91' lang='lat' dir='ltr'><strong>l.</strong></span> <span class='ocrx_word' id='word_1_324' title='bbox 910 2545 984 2594; x_wconf 87' lang='lat' dir='ltr'><strong>circa</strong></span> <span class='ocrx_word' id='word_1_325' title='bbox 996 2543 1055 2605; x_wconf 86' lang='grc'><strong>513,</strong></span> <span class='ocrx_word' id='word_1_326' title='bbox 1070 2544 1142 2609; x_wconf 88' lang='lat' dir='ltr'><strong>quod</strong></span> <span class='ocrx_word' id='word_1_327' title='bbox 1156 2559 1216 2594; x_wconf 88' lang='lat' dir='ltr'><strong>cum</strong></span> <span class='ocrx_word' id='word_1_328' title='bbox 1228 2549 1330 2609; x_wconf 89' lang='lat' dir='ltr'><strong>tempo-</strong></span> 
     </span>
     <span class='ocr_line' id='line_1_59' title="bbox 198 2613 1328 2678; baseline -0.006 -10"><span class='ocrx_word' id='word_1_329' title='bbox 198 2619 251 2678; x_wconf 56' lang='lat'><strong>111,</strong></span> <span class='ocrx_word' id='word_1_330' title='bbox 272 2617 284 2666; x_wconf 93' lang='lat' dir='ltr'><strong>l</strong></span> <span class='ocrx_word' id='word_1_331' title='bbox 310 2617 367 2666; x_wconf 86' lang='lat' dir='ltr'><strong>siro</strong></span> <span class='ocrx_word' id='word_1_332' title='bbox 391 2631 490 2664; x_wconf 82' lang='lat' dir='ltr'><strong>anuum</strong></span> <span class='ocrx_word' id='word_1_333' title='bbox 510 2615 561 2664; x_wconf 84' lang='grc'><strong>576</strong></span> <span class='ocrx_word' id='word_1_334' title='bbox 582 2630 599 2664; x_wconf 86' lang='lat' dir='ltr'><strong>a</strong></span> <span class='ocrx_word' id='word_1_335' title='bbox 618 2613 678 2664; x_wconf 75' lang='lat' dir='ltr'><strong>chr.</strong></span> <span class='ocrx_word' id='word_1_336' title='bbox 700 2629 737 2672; x_wconf 83' lang='lat' dir='ltr'><strong>n.‚</strong></span> <span class='ocrx_word' id='word_1_337' title='bbox 790 2629 848 2662; x_wconf 90' lang='lat' dir='ltr'><strong>rum</strong></span> <span class='ocrx_word' id='word_1_338' title='bbox 861 2613 1013 2662; x_wconf 84' lang='lat' dir='ltr'><strong>rationibus</strong></span> <span class='ocrx_word' id='word_1_339' title='bbox 1030 2614 1117 2664; x_wconf 85' lang='lat' dir='ltr'><strong>minus</strong></span> <span class='ocrx_word' id='word_1_340' title='bbox 1129 2613 1274 2665; x_wconf 82' lang='lat' dir='ltr'><strong>convenire</strong></span> <span class='ocrx_word' id='word_1_341' title='bbox 1289 2613 1328 2664; x_wconf 93' lang='lat' dir='ltr'><strong>vi-</strong></span> 
     </span>
     <span class='ocr_line' id='line_1_60' title="bbox 197 2681 1329 2750; baseline -0.004 -15"><span class='ocrx_word' id='word_1_342' title='bbox 197 2687 244 2736; x_wconf 89' lang='lat' dir='ltr'><strong>ubi</strong></span> <span class='ocrx_word' id='word_1_343' title='bbox 257 2683 397 2750; x_wconf 74' lang='lat' dir='ltr'><strong>quadrigis</strong></span> <span class='ocrx_word' id='word_1_344' title='bbox 413 2683 480 2732; x_wconf 86' lang='lat' dir='ltr'><strong>vicit</strong></span> <span class='ocrx_word' id='word_1_345' title='bbox 492 2683 647 2747; x_wconf 79' lang='lat' dir='ltr'><strong>Olympiae:</strong></span> <span class='ocrx_word' id='word_1_346' title='bbox 667 2681 738 2748; x_wconf 90' lang='lat' dir='ltr'><strong>quod</strong></span> <span class='ocrx_word' id='word_1_347' title='bbox 790 2683 882 2741; x_wconf 88' lang='lat' dir='ltr'><strong>detur,</strong></span> <span class='ocrx_word' id='word_1_348' title='bbox 896 2683 1055 2747; x_wconf 81' lang='lat' dir='ltr'><strong>praesertim</strong></span> <span class='ocrx_word' id='word_1_349' title='bbox 1065 2700 1125 2734; x_wconf 89' lang='lat' dir='ltr'><strong>eum</strong></span> <span class='ocrx_word' id='word_1_350' title='bbox 1138 2685 1270 2734; x_wconf 82' lang='lat' dir='ltr'><strong>incertum</strong></span> <span class='ocrx_word' id='word_1_351' title='bbox 1283 2683 1329 2740; x_wconf 84' lang='lat' dir='ltr'><strong>sit,</strong></span> 
     </span>
     <span class='ocr_line' id='line_1_61' title="bbox 197 2752 1329 2816; baseline -0.003 -12"><span class='ocrx_word' id='word_1_352' title='bbox 197 2757 287 2816; x_wconf 84' lang='lat' dir='ltr'><strong>ipsum</strong></span> <span class='ocrx_word' id='word_1_353' title='bbox 304 2753 375 2800; x_wconf 84' lang='lat' dir='ltr'><strong>lraud</strong></span> <span class='ocrx_word' id='word_1_354' title='bbox 389 2753 446 2800; x_wconf 86' lang='lat' dir='ltr'><strong>seio</strong></span> <span class='ocrx_word' id='word_1_355' title='bbox 462 2768 496 2800; x_wconf 85' lang='lat' dir='ltr'><strong>an</strong></span> <span class='ocrx_word' id='word_1_356' title='bbox 513 2754 614 2802; x_wconf 88' lang='lat' dir='ltr'><strong>rectius</strong></span> <span class='ocrx_word' id='word_1_357' title='bbox 631 2768 690 2802; x_wconf 88' lang='lat' dir='ltr'><strong>oum</strong></span> <span class='ocrx_word' id='word_1_358' title='bbox 707 2752 737 2802; x_wconf 93' lang='grc'><strong>(1.</strong></span> <span class='ocrx_word' id='word_1_359' title='bbox 789 2757 880 2802; x_wconf 91' lang='lat' dir='ltr'><strong>utrum</strong></span> <span class='ocrx_word' id='word_1_360' title='bbox 895 2752 1048 2803; x_wconf 84' lang='lat' dir='ltr'><strong>Clisthenes</strong></span> <span class='ocrx_word' id='word_1_361' title='bbox 1060 2752 1172 2804; x_wconf 85' lang='lat' dir='ltr'><strong>ultimus</strong></span> <span class='ocrx_word' id='word_1_362' title='bbox 1187 2753 1269 2802; x_wconf 83' lang='lat' dir='ltr'><strong>fuerit</strong></span> <span class='ocrx_word' id='word_1_363' title='bbox 1280 2752 1329 2802; x_wconf 91' lang='lat' dir='ltr'><strong>Or·</strong></span> 
     </span>
     <span class='ocr_line' id='line_1_62' title="bbox 198 2817 1329 2888; baseline 0 -17"><span class='ocrx_word' id='word_1_364' title='bbox 198 2820 370 2874; x_wconf 85' lang='lat' dir='ltr'><strong>0.Mueller0</strong></span> <span class='ocrx_word' id='word_1_365' title='bbox 385 2817 404 2866; x_wconf 92' lang='lat' dir='ltr'><strong>l.</strong></span> <span class='ocrx_word' id='word_1_366' title='bbox 420 2836 482 2870; x_wconf 82' lang='lat' dir='ltr'><strong>mox</strong></span> <span class='ocrx_word' id='word_1_367' title='bbox 494 2819 511 2870; x_wconf 93' lang='grc'><strong>1.</strong></span> <span class='ocrx_word' id='word_1_368' title='bbox 526 2821 561 2870; x_wconf 90' lang='lat'><strong>11.</strong></span> <span class='ocrx_word' id='word_1_369' title='bbox 576 2837 602 2884; x_wconf 93' lang='lat' dir='ltr'><strong>p.</strong></span> <span class='ocrx_word' id='word_1_370' title='bbox 616 2823 676 2871; x_wconf 79' lang='grc'><strong>462.</strong></span> <span class='ocrx_word' id='word_1_371' title='bbox 687 2820 738 2871; x_wconf 87' lang='grc'><strong>506</strong></span> <span class='ocrx_word' id='word_1_372' title='bbox 789 2821 1006 2886; x_wconf 79' lang='lat' dir='ltr'><strong>thogoridarum‚</strong></span> <span class='ocrx_word' id='word_1_373' title='bbox 1034 2838 1070 2872; x_wconf 89' lang='lat' dir='ltr'><strong>an</strong></span> <span class='ocrx_word' id='word_1_374' title='bbox 1093 2838 1153 2874; x_wconf 89' lang='lat' dir='ltr'><strong>eum</strong></span> <span class='ocrx_word' id='word_1_375' title='bbox 1173 2828 1329 2888; x_wconf 80' lang='lat' dir='ltr'><strong>regnantem</strong></span> 
     </span>
     <span class='ocr_line' id='line_1_63' title="bbox 179 2887 1329 2956; baseline 0.002 -16"><span class='ocrx_word' id='word_1_376' title='bbox 179 2895 225 2940; x_wconf 79' lang='lat' dir='ltr'><strong>&#39;et</strong></span> <span class='ocrx_word' id='word_1_377' title='bbox 243 2888 373 2939; x_wconf 86' lang='lat' dir='ltr'><strong>Fischero</strong></span> <span class='ocrx_word' id='word_1_378' title='bbox 391 2887 409 2940; x_wconf 92' lang='lat' dir='ltr'><strong>l.</strong></span> <span class='ocrx_word' id='word_1_379' title='bbox 427 2887 444 2941; x_wconf 86' lang='lat' dir='ltr'><strong>l.</strong></span> <span class='ocrx_word' id='word_1_380' title='bbox 466 2904 491 2952; x_wconf 91' lang='lat' dir='ltr'><strong>p.</strong></span> <span class='ocrx_word' id='word_1_381' title='bbox 514 2889 562 2938; x_wconf 88' lang='grc'><strong>120</strong></span> <span class='ocrx_word' id='word_1_382' title='bbox 578 2889 614 2938; x_wconf 87' lang='lat' dir='ltr'><strong>ad</strong></span> <span class='ocrx_word' id='word_1_383' title='bbox 630 2889 737 2954; x_wconf 88' lang='lat' dir='ltr'><strong>Olymp.</strong></span> <span class='ocrx_word' id='word_1_384' title='bbox 789 2893 927 2956; x_wconf 85' lang='lat' dir='ltr'><strong>exceperit</strong></span> <span class='ocrx_word' id='word_1_385' title='bbox 948 2891 1019 2942; x_wconf 88' lang='lat' dir='ltr'><strong>filius</strong></span> <span class='ocrx_word' id='word_1_386' title='bbox 1032 2891 1136 2942; x_wconf 87' lang='lat' dir='ltr'><strong>aliusve</strong></span> <span class='ocrx_word' id='word_1_387' title='bbox 1148 2897 1282 2956; x_wconf 73' lang='lat' dir='ltr'><strong>cognatus</strong></span> <span class='ocrx_word' id='word_1_388' title='bbox 1296 2907 1329 2942; x_wconf 83' lang='lat' dir='ltr'><strong>ex</strong></span> 
     </span>
     <span class='ocr_line' id='line_1_64' title="bbox 197 2957 1328 3028; baseline 0.002 -18"><span class='ocrx_word' id='word_1_389' title='bbox 197 2959 297 3017; x_wconf 83' lang='lat' dir='ltr'>XLIX,</span> <span class='ocrx_word' id='word_1_390' title='bbox 313 2957 324 3006; x_wconf 92' lang='grc'><strong>1</strong></span> <span class='ocrx_word' id='word_1_391' title='bbox 339 2958 397 3007; x_wconf 84' lang='lat' dir='ltr'><strong>sive</strong></span> <span class='ocrx_word' id='word_1_392' title='bbox 413 2973 477 3007; x_wconf 87' lang='lat' dir='ltr'><strong>aun.</strong></span> <span class='ocrx_word' id='word_1_393' title='bbox 492 2958 542 3008; x_wconf 87' lang='grc'><strong>584</strong></span> <span class='ocrx_word' id='word_1_394' title='bbox 558 2963 623 3008; x_wconf 88' lang='lat' dir='ltr'><strong>ante</strong></span> <span class='ocrx_word' id='word_1_395' title='bbox 636 2957 698 3008; x_wconf 74' lang='lat' dir='ltr'><strong>(ihr.</strong></span> <span class='ocrx_word' id='word_1_396' title='bbox 711 2975 736 3008; x_wconf 92' lang='lat' dir='ltr'><strong>n.</strong></span> <span class='ocrx_word' id='word_1_397' title='bbox 789 2961 1030 3024; x_wconf 82' lang='lat' dir='ltr'><strong>Ortlregoridarum</strong></span> <span class='ocrx_word' id='word_1_398' title='bbox 1050 2965 1147 3026; x_wconf 82' lang='lat' dir='ltr'><strong>geute,</strong></span> <span class='ocrx_word' id='word_1_399' title='bbox 1175 2963 1198 3011; x_wconf 87' lang='lat' dir='ltr'><strong>si</strong></span> <span class='ocrx_word' id='word_1_400' title='bbox 1221 2962 1328 3028; x_wconf 89' lang='lat' dir='ltr'><strong>quidem</strong></span> 
     </span>
     <span class='ocr_line' id='line_1_65' title="bbox 198 3027 1330 3095; baseline 0.002 -17"><span class='ocrx_word' id='word_1_401' title='bbox 198 3027 331 3078; x_wconf 85' lang='lat' dir='ltr'><strong>occidisse</strong></span> <span class='ocrx_word' id='word_1_402' title='bbox 346 3029 467 3088; x_wconf 79' lang='lat' dir='ltr'><strong>ciuiuus,</strong></span> <span class='ocrx_word' id='word_1_403' title='bbox 483 3027 585 3077; x_wconf 80' lang='lat' dir='ltr'><strong>reiecit</strong></span> <span class='ocrx_word' id='word_1_404' title='bbox 601 3030 737 3078; x_wconf 72' lang='lat' dir='ltr'><strong>sententiis</strong></span> <span class='ocrx_word' id='word_1_405' title='bbox 788 3029 861 3080; x_wconf 87' lang='lat' dir='ltr'><strong>tilius</strong></span> <span class='ocrx_word' id='word_1_406' title='bbox 875 3030 965 3081; x_wconf 85' lang='lat' dir='ltr'><strong>nullus</strong></span> <span class='ocrx_word' id='word_1_407' title='bbox 981 3033 1039 3081; x_wconf 86' lang='lat' dir='ltr'><strong>eius</strong></span> <span class='ocrx_word' id='word_1_408' title='bbox 1054 3032 1125 3095; x_wconf 86' lang='lat' dir='ltr'><strong>opud</strong></span> <span class='ocrx_word' id='word_1_409' title='bbox 1138 3035 1244 3082; x_wconf 85' lang='lat' dir='ltr'><strong>veteres</strong></span> <span class='ocrx_word' id='word_1_410' title='bbox 1259 3047 1330 3082; x_wconf 85' lang='lat' dir='ltr'><strong>eom·</strong></span> 
     </span>
     <span class='ocr_line' id='line_1_66' title="bbox 197 3097 1329 3166; baseline 0.002 -18"><span class='ocrx_word' id='word_1_411' title='bbox 197 3097 297 3162; x_wconf 90' lang='lat' dir='ltr'><strong>Heynii</strong></span> <span class='ocrx_word' id='word_1_412' title='bbox 311 3097 438 3162; x_wconf 84' lang='lat' dir='ltr'><strong>(Opusec.</strong></span> <span class='ocrx_word' id='word_1_413' title='bbox 458 3097 561 3147; x_wconf 83' lang='lat' dir='ltr'><strong>Aesdd.</strong></span> <span class='ocrx_word' id='word_1_414' title='bbox 582 3097 604 3148; x_wconf 92' lang='lat'><strong>1.</strong></span> <span class='ocrx_word' id='word_1_415' title='bbox 623 3114 648 3162; x_wconf 86' lang='lat' dir='ltr'><strong>p.</strong></span> <span class='ocrx_word' id='word_1_416' title='bbox 665 3097 739 3164; x_wconf 87' lang='grc'><strong>134),</strong></span> <span class='ocrx_word' id='word_1_417' title='bbox 788 3107 969 3151; x_wconf 84' lang='lat' dir='ltr'><strong>memoretur:</strong></span> <span class='ocrx_word' id='word_1_418' title='bbox 987 3100 1168 3152; x_wconf 86' lang='lat' dir='ltr'><strong>uudeGrotel</strong></span> <span class='ocrx_word' id='word_1_419' title='bbox 1191 3101 1207 3150; x_wconf 92' lang='lat' dir='ltr'><strong>l.</strong></span> <span class='ocrx_word' id='word_1_420' title='bbox 1220 3117 1283 3166; x_wconf 74' lang='lat' dir='ltr'><strong>pag.</strong></span> <span class='ocrx_word' id='word_1_421' title='bbox 1295 3101 1329 3151; x_wconf 82' lang='grc'><strong>52</strong></span> 
     </span>
     <span class='ocr_line' id='line_1_67' title="bbox 197 3165 1330 3235; baseline 0.004 -19"><span class='ocrx_word' id='word_1_422' title='bbox 197 3167 243 3232; x_wconf 89' lang='lat' dir='ltr'><strong>qui</strong></span> <span class='ocrx_word' id='word_1_423' title='bbox 267 3165 372 3232; x_wconf 91' lang='lat' dir='ltr'><strong>Olymp.</strong></span> <span class='ocrx_word' id='word_1_424' title='bbox 399 3167 437 3230; x_wconf 89' lang='lat' dir='ltr'><strong>L,</strong></span> <span class='ocrx_word' id='word_1_425' title='bbox 466 3171 494 3216; x_wconf 86' lang='lat' dir='ltr'><strong>et</strong></span> <span class='ocrx_word' id='word_1_426' title='bbox 517 3167 658 3230; x_wconf 85' lang='lat' dir='ltr'><strong>Lurcheri‚</strong></span> <span class='ocrx_word' id='word_1_427' title='bbox 691 3170 737 3232; x_wconf 87' lang='lat' dir='ltr'><strong>qui</strong></span> <span class='ocrx_word' id='word_1_428' title='bbox 788 3170 1330 3235; x_wconf 85' lang='lat' dir='ltr'><strong>srrspicutur‚unamfilismnequetilium</strong></span> 
     </span>
     <span class='ocr_line' id='line_1_68' title="bbox 197 3237 1330 3304; baseline 0.004 -17"><span class='ocrx_word' id='word_1_429' title='bbox 197 3237 303 3302; x_wconf 91' lang='lat' dir='ltr'><strong>Olymp.</strong></span> <span class='ocrx_word' id='word_1_430' title='bbox 329 3237 381 3287; x_wconf 56' lang='lat'><strong>1211</strong></span> <span class='ocrx_word' id='word_1_431' title='bbox 407 3241 544 3300; x_wconf 84' lang='lat' dir='ltr'><strong>posuerat.</strong></span> <span class='ocrx_word' id='word_1_432' title='bbox 589 3237 657 3288; x_wconf 86' lang='lat' dir='ltr'><strong>Eius</strong></span> <span class='ocrx_word' id='word_1_433' title='bbox 683 3237 737 3288; x_wconf 82' lang='lat' dir='ltr'><strong>iilia</strong></span> <span class='ocrx_word' id='word_1_434' title='bbox 788 3239 919 3290; x_wconf 73' lang='lat' dir='ltr'><strong>habuisse</strong></span> <span class='ocrx_word' id='word_1_435' title='bbox 948 3239 1129 3302; x_wconf 80' lang='lat' dir='ltr'><strong>Clisthenem,</strong></span> <span class='ocrx_word' id='word_1_436' title='bbox 1161 3241 1330 3304; x_wconf 81' lang='lat' dir='ltr'><strong>eandemque</strong></span> 
     </span>
     <span class='ocr_line' id='line_1_69' title="bbox 196 3306 1329 3375; baseline 0.002 -18"><span class='ocrx_word' id='word_1_437' title='bbox 196 3306 738 3371; x_wconf 79' lang='lat' dir='ltr'><strong>AgaristanupsitltlegacliAlemueonis</strong></span> <span class='ocrx_word' id='word_1_438' title='bbox 789 3315 900 3374; x_wconf 82' lang='lat' dir='ltr'><strong>nuptam</strong></span> <span class='ocrx_word' id='word_1_439' title='bbox 929 3309 1046 3375; x_wconf 84' lang='lat' dir='ltr'><strong>Megacli</strong></span> <span class='ocrx_word' id='word_1_440' title='bbox 1076 3309 1329 3360; x_wconf 78' lang='lat' dir='ltr'><strong>Alcmaeonidarum</strong></span> 
     </span>
     <span class='ocr_line' id='line_1_70' title="bbox 196 3376 1329 3444; baseline 0.002 -18"><span class='ocrx_word' id='word_1_441' title='bbox 196 3377 267 3438; x_wconf 87' lang='lat' dir='ltr'><strong>filio,</strong></span> <span class='ocrx_word' id='word_1_442' title='bbox 283 3376 330 3441; x_wconf 92' lang='lat' dir='ltr'><strong>qui</strong></span> <span class='ocrx_word' id='word_1_443' title='bbox 343 3377 402 3441; x_wconf 86' lang='lat' dir='ltr'><strong>ipse</strong></span> <span class='ocrx_word' id='word_1_444' title='bbox 413 3376 495 3426; x_wconf 85' lang='lat' dir='ltr'><strong>tiliam</strong></span> <span class='ocrx_word' id='word_1_445' title='bbox 506 3377 569 3428; x_wconf 90' lang='lat' dir='ltr'><strong>hine</strong></span> <span class='ocrx_word' id='word_1_446' title='bbox 582 3383 736 3442; x_wconf 82' lang='lat' dir='ltr'><strong>susceptam</strong></span> <span class='ocrx_word' id='word_1_447' title='bbox 788 3381 864 3444; x_wconf 81' lang='lat' dir='ltr'><strong>genti</strong></span> <span class='ocrx_word' id='word_1_448' title='bbox 873 3395 993 3430; x_wconf 88' lang='lat' dir='ltr'><strong>summas</strong></span> <span class='ocrx_word' id='word_1_449' title='bbox 1005 3394 1069 3444; x_wconf 88' lang='lat' dir='ltr'><strong>opes</strong></span> <span class='ocrx_word' id='word_1_450' title='bbox 1081 3379 1217 3443; x_wconf 83' lang='lat' dir='ltr'><strong>attulisse,</strong></span> <span class='ocrx_word' id='word_1_451' title='bbox 1231 3380 1329 3444; x_wconf 90' lang='lat' dir='ltr'><strong>quihus</strong></span> 
     </span>
     <span class='ocr_line' id='line_1_71' title="bbox 196 3445 1330 3512; baseline 0.001 -15"><span class='ocrx_word' id='word_1_452' title='bbox 196 3446 356 3508; x_wconf 78' lang='lat' dir='ltr'><strong>Pisistrato,</strong></span> <span class='ocrx_word' id='word_1_453' title='bbox 383 3445 586 3497; x_wconf 82' lang='lat' dir='ltr'><strong>Atheniensium</strong></span> <span class='ocrx_word' id='word_1_454' title='bbox 609 3452 736 3512; x_wconf 87' lang='lat' dir='ltr'><strong>tyranno,</strong></span> <span class='ocrx_word' id='word_1_455' title='bbox 788 3449 855 3499; x_wconf 91' lang='lat' dir='ltr'><strong>huec</strong></span> <span class='ocrx_word' id='word_1_456' title='bbox 874 3464 939 3512; x_wconf 83' lang='lat' dir='ltr'><strong>gens</strong></span> <span class='ocrx_word' id='word_1_457' title='bbox 957 3447 1026 3499; x_wconf 90' lang='lat' dir='ltr'><strong>bene</strong></span> <span class='ocrx_word' id='word_1_458' title='bbox 1043 3465 1093 3500; x_wconf 85' lang='lat' dir='ltr'><strong>uso</strong></span> <span class='ocrx_word' id='word_1_459' title='bbox 1113 3449 1149 3499; x_wconf 85' lang='lat' dir='ltr'><strong>sit</strong></span> <span class='ocrx_word' id='word_1_460' title='bbox 1168 3454 1264 3499; x_wconf 85' lang='lat' dir='ltr'><strong>eontra</strong></span> <span class='ocrx_word' id='word_1_461' title='bbox 1285 3451 1330 3500; x_wconf 93' lang='lat' dir='ltr'><strong>Pi-</strong></span> 
     </span>
     <span class='ocr_line' id='line_1_72' title="bbox 197 3515 1360 3583; baseline 0.002 -17"><span class='ocrx_word' id='word_1_462' title='bbox 197 3515 310 3566; x_wconf 86' lang='lat' dir='ltr'><strong>dederat</strong></span> <span class='ocrx_word' id='word_1_463' title='bbox 330 3519 456 3579; x_wconf 87' lang='lat' dir='ltr'><strong>nuptum,</strong></span> <span class='ocrx_word' id='word_1_464' title='bbox 478 3521 548 3566; x_wconf 87' lang='lat' dir='ltr'><strong>teste</strong></span> <span class='ocrx_word' id='word_1_465' title='bbox 560 3517 700 3568; x_wconf 88' lang='lat' dir='ltr'><strong>Herodoto</strong></span> <span class='ocrx_word' id='word_1_466' title='bbox 713 3519 736 3582; x_wconf 89' lang='grc' dir='ltr'><strong>Ι,</strong></span> <span class='ocrx_word' id='word_1_467' title='bbox 788 3518 954 3569; x_wconf 84' lang='lat' dir='ltr'><strong>sistrutidas.</strong></span> <span class='ocrx_word' id='word_1_468' title='bbox 990 3519 1082 3583; x_wconf 85' lang='lat' dir='ltr'><strong>Ipsum</strong></span> <span class='ocrx_word' id='word_1_469' title='bbox 1105 3519 1270 3570; x_wconf 83' lang='lat' dir='ltr'><strong>Clisthenem</strong></span> <span class='ocrx_word' id='word_1_470' title='bbox 1288 3520 1330 3570; x_wconf 85' lang='lat' dir='ltr'><strong>Si·</strong></span> <span class='ocrx_word' id='word_1_471' title='bbox 1358 3557 1360 3562; x_wconf 91' lang='lat'><em>.</em></span> 
     </span>
     <span class='ocr_line' id='line_1_73' title="bbox 197 3584 1329 3654; baseline 0.005 -22"><span class='ocrx_word' id='word_1_472' title='bbox 197 3587 244 3646; x_wconf 82' lang='grc'><strong>60,</strong></span> <span class='ocrx_word' id='word_1_473' title='bbox 267 3584 337 3650; x_wconf 90' lang='lat' dir='ltr'><strong>quod</strong></span> <span class='ocrx_word' id='word_1_474' title='bbox 356 3585 444 3649; x_wconf 86' lang='lat' dir='ltr'><strong>ipsum</strong></span> <span class='ocrx_word' id='word_1_475' title='bbox 467 3586 542 3634; x_wconf 83' lang='lat' dir='ltr'><strong>cudit</strong></span> <span class='ocrx_word' id='word_1_476' title='bbox 559 3587 602 3636; x_wconf 87' lang='lat' dir='ltr'><strong>vel</strong></span> <span class='ocrx_word' id='word_1_477' title='bbox 622 3588 650 3637; x_wconf 91' lang='lat' dir='ltr'><strong>in</strong></span> <span class='ocrx_word' id='word_1_478' title='bbox 670 3604 735 3638; x_wconf 85' lang='lat' dir='ltr'><strong>ann.</strong></span> <span class='ocrx_word' id='word_1_479' title='bbox 787 3588 985 3654; x_wconf 87' lang='lat' dir='ltr'><strong>eyonepulsum</strong></span> <span class='ocrx_word' id='word_1_480' title='bbox 998 3588 1246 3652; x_wconf 82' lang='lat' dir='ltr'><strong>esseuSpartanis‚</strong></span> <span class='ocrx_word' id='word_1_481' title='bbox 1258 3589 1329 3653; x_wconf 91' lang='lat' dir='ltr'><strong>quod</strong></span> 
     </span>
     <span class='ocr_line' id='line_1_74' title="bbox 197 3653 1329 3720; baseline 0.004 -16"><span class='ocrx_word' id='word_1_482' title='bbox 197 3655 257 3714; x_wconf 83' lang='grc'><strong>558,</strong></span> <span class='ocrx_word' id='word_1_483' title='bbox 270 3659 302 3704; x_wconf 90' lang='lat' dir='ltr'><strong>ut</strong></span> <span class='ocrx_word' id='word_1_484' title='bbox 313 3653 432 3706; x_wconf 85' lang='lat' dir='ltr'><strong>Schultz.</strong></span> <span class='ocrx_word' id='word_1_485' title='bbox 446 3655 532 3717; x_wconf 85' lang='lat' dir='ltr'><strong>ponit,</strong></span> <span class='ocrx_word' id='word_1_486' title='bbox 545 3655 588 3705; x_wconf 88' lang='lat' dir='ltr'><strong>vel</strong></span> <span class='ocrx_word' id='word_1_487' title='bbox 599 3656 627 3705; x_wconf 92' lang='lat' dir='ltr'><strong>in</strong></span> <span class='ocrx_word' id='word_1_488' title='bbox 637 3673 736 3708; x_wconf 88' lang='lat' dir='ltr'><strong>anuum</strong></span> <span class='ocrx_word' id='word_1_489' title='bbox 787 3657 910 3707; x_wconf 88' lang='lat' dir='ltr'><strong>nonnulli</strong></span> <span class='ocrx_word' id='word_1_490' title='bbox 920 3658 972 3708; x_wconf 85' lang='lat' dir='ltr'><strong>viri</strong></span> <span class='ocrx_word' id='word_1_491' title='bbox 983 3658 1057 3709; x_wconf 91' lang='lat' dir='ltr'><strong>docti</strong></span> <span class='ocrx_word' id='word_1_492' title='bbox 1067 3663 1233 3720; x_wconf 83' lang='lat' dir='ltr'><strong>statuerunt,</strong></span> <span class='ocrx_word' id='word_1_493' title='bbox 1242 3664 1274 3708; x_wconf 90' lang='lat' dir='ltr'><strong>ut</strong></span> <span class='ocrx_word' id='word_1_494' title='bbox 1283 3659 1329 3708; x_wconf 84' lang='lat' dir='ltr'><strong>vix</strong></span> 
     </span>
     <span class='ocr_line' id='line_1_75' title="bbox 198 3723 1329 3793; baseline 0.004 -19"><span class='ocrx_word' id='word_1_495' title='bbox 198 3723 247 3774; x_wconf 88' lang='grc'><strong>553</strong></span> <span class='ocrx_word' id='word_1_496' title='bbox 266 3741 291 3774; x_wconf 83' lang='lat' dir='ltr'><strong>u.</strong></span> <span class='ocrx_word' id='word_1_497' title='bbox 312 3723 374 3773; x_wconf 80' lang='lat' dir='ltr'><strong>chr.</strong></span> <span class='ocrx_word' id='word_1_498' title='bbox 393 3739 435 3784; x_wconf 86' lang='grc' dir='ltr'><strong><em>ιι.,</em></strong></span> <span class='ocrx_word' id='word_1_499' title='bbox 457 3739 528 3786; x_wconf 84' lang='lat' dir='ltr'><strong>quae</strong></span> <span class='ocrx_word' id='word_1_500' title='bbox 547 3731 588 3774; x_wconf 89' lang='lat' dir='ltr'><strong>est</strong></span> <span class='ocrx_word' id='word_1_501' title='bbox 604 3726 736 3778; x_wconf 87' lang='lat' dir='ltr'><strong>Voemclii</strong></span> <span class='ocrx_word' id='word_1_502' title='bbox 788 3726 929 3793; x_wconf 74' lang='lat' dir='ltr'><strong>probabile</strong></span> <span class='ocrx_word' id='word_1_503' title='bbox 942 3733 999 3789; x_wconf 83' lang='lat' dir='ltr'><strong>est,</strong></span> <span class='ocrx_word' id='word_1_504' title='bbox 1016 3729 1055 3778; x_wconf 88' lang='lat' dir='ltr'><strong>ita</strong></span> <span class='ocrx_word' id='word_1_505' title='bbox 1069 3733 1173 3778; x_wconf 85' lang='lat' dir='ltr'><strong>certum</strong></span> <span class='ocrx_word' id='word_1_506' title='bbox 1187 3729 1279 3778; x_wconf 82' lang='lat' dir='ltr'><strong>obstet</strong></span> <span class='ocrx_word' id='word_1_507' title='bbox 1291 3731 1329 3778; x_wconf 90' lang='lat' dir='ltr'><strong>te·</strong></span> 
     </span>
     <span class='ocr_line' id='line_1_76' title="bbox 198 3793 1330 3875; baseline 0.002 -31"><span class='ocrx_word' id='word_1_508' title='bbox 198 3793 334 3844; x_wconf 87' lang='lat' dir='ltr'><strong>sententia</strong></span> <span class='ocrx_word' id='word_1_509' title='bbox 360 3793 387 3841; x_wconf 91' lang='lat' dir='ltr'><strong>in</strong></span> <span class='ocrx_word' id='word_1_510' title='bbox 412 3793 562 3875; x_wconf 73' lang='lat' dir='ltr'><strong>scriptione</strong></span> <span class='ocrx_word' id='word_1_511' title='bbox 587 3793 620 3846; x_wconf 90' lang='lat' dir='ltr'><strong>de</strong></span> <span class='ocrx_word' id='word_1_512' title='bbox 642 3795 734 3845; x_wconf 83' lang='lat' dir='ltr'><strong>Solon.</strong></span> <span class='ocrx_word' id='word_1_513' title='bbox 787 3797 942 3848; x_wconf 88' lang='lat' dir='ltr'><strong>stimonium</strong></span> <span class='ocrx_word' id='word_1_514' title='bbox 957 3797 1065 3848; x_wconf 86' lang='lat' dir='ltr'><strong>Nicolai</strong></span> <span class='ocrx_word' id='word_1_515' title='bbox 1082 3799 1259 3855; x_wconf 77' lang='lat' dir='ltr'><strong>Dumsseerri.</strong></span> <span class='ocrx_word' id='word_1_516' title='bbox 1283 3797 1330 3862; x_wconf 91' lang='lat' dir='ltr'><strong>qui</strong></span> 
     </span>
     <span class='ocr_line' id='line_1_77' title="bbox 198 3863 1329 4016; baseline 0.004 -34"><span class='ocrx_word' id='word_1_517' title='bbox 198 3864 325 3983; x_wconf 62' lang='grc' dir='ltr'><strong>1ῗὲιῖ11</strong></span> <span class='ocrx_word' id='word_1_518' title='bbox 337 3863 737 3985; x_wconf 68' lang='grc' dir='ltr'><strong>14631111111111ξέ</strong></span> <span class='ocrx_word' id='word_1_519' title='bbox 787 3883 816 4002; x_wconf 67' lang='lat' dir='ltr'><strong>{l</strong></span> <span class='ocrx_word' id='word_1_520' title='bbox 830 3866 1329 4016; x_wconf 57' lang='grc'><strong>31111111,1101311111·</strong></span> 
     </span>
     <span class='ocr_line' id='line_1_78' title="bbox 157 3996 1330 4070; baseline -0.001 -16"><span class='ocrx_word' id='word_1_521' title='bbox 157 4013 160 4019; x_wconf 92' lang='lat'>&#39;</span> <span class='ocrx_word' id='word_1_522' title='bbox 198 4004 257 4054; x_wconf 87' lang='lat' dir='ltr'><strong>vice</strong></span> <span class='ocrx_word' id='word_1_523' title='bbox 267 4004 381 4068; x_wconf 89' lang='lat' dir='ltr'><strong>potitum</strong></span> <span class='ocrx_word' id='word_1_524' title='bbox 393 4016 452 4052; x_wconf 85' lang='lat' dir='ltr'><strong>esse</strong></span> <span class='ocrx_word' id='word_1_525' title='bbox 460 4002 621 4066; x_wconf 85' lang='lat' dir='ltr'><strong>sumpseris:</strong></span> <span class='ocrx_word' id='word_1_526' title='bbox 640 4003 736 4068; x_wconf 87' lang='lat' dir='ltr'><strong>dequo</strong></span> <span class='ocrx_word' id='word_1_527' title='bbox 787 4006 923 4070; x_wconf 91' lang='lat' dir='ltr'><strong>eloquitur</strong></span> <span class='ocrx_word' id='word_1_528' title='bbox 935 4006 967 4057; x_wconf 90' lang='lat' dir='ltr'><strong>de</strong></span> <span class='ocrx_word' id='word_1_529' title='bbox 976 4007 1129 4057; x_wconf 82' lang='lat' dir='ltr'><strong>Clisthene:</strong></span> <span class='ocrx_word' id='word_1_530' title='bbox 1142 4019 1289 4068; x_wconf 81' lang='grc' dir='ltr'><strong><em>καταοχων</em></strong></span> <span class='ocrx_word' id='word_1_531' title='bbox 1298 3996 1330 4053; x_wconf 72' lang='grc' dir='ltr'><strong>δὲ</strong></span> 
     </span>
     <span class='ocr_line' id='line_1_79' title="bbox 198 4065 1330 4140; baseline 0.002 -18"><span class='ocrx_word' id='word_1_532' title='bbox 198 4072 269 4122; x_wconf 86' lang='lat' dir='ltr'><strong>conf.</strong></span> <span class='ocrx_word' id='word_1_533' title='bbox 284 4077 352 4140; x_wconf 85' lang='lat' dir='ltr'><strong>nott.</strong></span> <span class='ocrx_word' id='word_1_534' title='bbox 368 4071 400 4121; x_wconf 88' lang='lat' dir='ltr'><strong>ad</strong></span> <span class='ocrx_word' id='word_1_535' title='bbox 417 4072 445 4124; x_wconf 87' lang='grc' dir='ltr'><strong>Ι,</strong></span> <span class='ocrx_word' id='word_1_536' title='bbox 458 4069 500 4122; x_wconf 75' lang='lat' dir='ltr'><strong>etl.</strong></span> <span class='ocrx_word' id='word_1_537' title='bbox 536 4072 578 4120; x_wconf 90' lang='lat' dir='ltr'><strong>Dc</strong></span> <span class='ocrx_word' id='word_1_538' title='bbox 589 4071 736 4123; x_wconf 84' lang='lat' dir='ltr'><strong>Clistheuis</strong></span> <span class='ocrx_word' id='word_1_539' title='bbox 788 4067 840 4138; x_wconf 80' lang='grc' dir='ltr'><strong><em>τὴν</em></strong></span> <span class='ocrx_word' id='word_1_540' title='bbox 851 4066 941 4140; x_wconf 78' lang='grc' dir='ltr'><strong><em>ἀρχὴν</em></strong></span> <span class='ocrx_word' id='word_1_541' title='bbox 949 4067 983 4125; x_wconf 72' lang='grc' dir='ltr'><strong>’ἓν</strong></span> <span class='ocrx_word' id='word_1_542' title='bbox 992 4070 1039 4124; x_wconf 77' lang='grc' dir='ltr'><strong>καὶ</strong></span> <span class='ocrx_word' id='word_1_543' title='bbox 1051 4067 1203 4136; x_wconf 77' lang='grc' dir='ltr'><strong><em>τριάκοντα</em></strong></span> <span class='ocrx_word' id='word_1_544' title='bbox 1216 4069 1262 4137; x_wconf 76' lang='lat' dir='ltr'><strong>a&#39;rq</strong></span> <span class='ocrx_word' id='word_1_545' title='bbox 1275 4065 1330 4124; x_wconf 76' lang='grc' dir='ltr'><strong>ἔτε-</strong></span> 
     </span>
     <span class='ocr_line' id='line_1_80' title="bbox 198 4135 1329 4211; baseline 0.004 -22"><span class='ocrx_word' id='word_1_546' title='bbox 198 4143 319 4204; x_wconf 80' lang='lat' dir='ltr'><strong>Sicyonii</strong></span> <span class='ocrx_word' id='word_1_547' title='bbox 328 4143 408 4192; x_wconf 83' lang='lat' dir='ltr'><strong>rebus</strong></span> <span class='ocrx_word' id='word_1_548' title='bbox 422 4141 565 4207; x_wconf 86' lang='lat' dir='ltr'><strong>disputant</strong></span> <span class='ocrx_word' id='word_1_549' title='bbox 575 4141 605 4191; x_wconf 83' lang='lat' dir='ltr'><strong>G.</strong></span> <span class='ocrx_word' id='word_1_550' title='bbox 614 4141 644 4192; x_wconf 93' lang='lat' dir='ltr'><strong>O.</strong></span> <span class='ocrx_word' id='word_1_551' title='bbox 654 4142 737 4193; x_wconf 89' lang='lat' dir='ltr'><strong>Muel-</strong></span> <span class='ocrx_word' id='word_1_552' title='bbox 787 4135 910 4208; x_wconf 77' lang='grc' dir='ltr'><strong><em>λευιησε,</em></strong></span> <span class='ocrx_word' id='word_1_553' title='bbox 925 4147 1013 4211; x_wconf 88' lang='lat' dir='ltr'><strong>Atque</strong></span> <span class='ocrx_word' id='word_1_554' title='bbox 1023 4144 1197 4196; x_wconf 84' lang='lat' dir='ltr'><strong>confirmatur</strong></span> <span class='ocrx_word' id='word_1_555' title='bbox 1207 4145 1234 4194; x_wconf 92' lang='lat' dir='ltr'><strong>id</strong></span> <span class='ocrx_word' id='word_1_556' title='bbox 1244 4145 1329 4208; x_wconf 87' lang='lat' dir='ltr'><strong>ipsius</strong></span> 
     </span>
     <span class='ocr_line' id='line_1_81' title="bbox 196 4207 1328 4278; baseline 0.004 -22"><span class='ocrx_word' id='word_1_557' title='bbox 196 4208 250 4258; x_wconf 83' lang='lat' dir='ltr'><strong>lor:</strong></span> <span class='ocrx_word' id='word_1_558' title='bbox 271 4210 339 4264; x_wconf 87' lang='lat' dir='ltr'><strong>Dor.</strong></span> <span class='ocrx_word' id='word_1_559' title='bbox 362 4212 383 4260; x_wconf 95' lang='lat'><strong>1.</strong></span> <span class='ocrx_word' id='word_1_560' title='bbox 403 4226 467 4278; x_wconf 78' lang='lat' dir='ltr'><strong>pag.</strong></span> <span class='ocrx_word' id='word_1_561' title='bbox 486 4211 535 4262; x_wconf 87' lang='grc'><strong>162</strong></span> <span class='ocrx_word' id='word_1_562' title='bbox 553 4227 641 4274; x_wconf 82' lang='lat' dir='ltr'><strong>seqq,</strong></span> <span class='ocrx_word' id='word_1_563' title='bbox 661 4211 735 4262; x_wconf 69' lang='lat' dir='ltr'><strong>or.</strong></span> <span class='ocrx_word' id='word_1_564' title='bbox 787 4215 923 4265; x_wconf 86' lang='lat' dir='ltr'><strong>Herodoti</strong></span> <span class='ocrx_word' id='word_1_565' title='bbox 943 4216 1035 4266; x_wconf 87' lang='lat' dir='ltr'><strong>verbis</strong></span> <span class='ocrx_word' id='word_1_566' title='bbox 1057 4217 1098 4276; x_wconf 79' lang='lat' dir='ltr'><strong>V,</strong></span> <span class='ocrx_word' id='word_1_567' title='bbox 1124 4214 1170 4265; x_wconf 80' lang='lat'><strong>08:</strong></span> <span class='ocrx_word' id='word_1_568' title='bbox 1201 4207 1328 4263; x_wconf 79' lang='grc' dir='ltr'><strong><em>τούτοισι</em></strong></span> 
     </span>
     <span class='ocr_line' id='line_1_82' title="bbox 197 4273 1328 4349; baseline 0.006 -26"><span class='ocrx_word' id='word_1_569' title='bbox 197 4277 349 4328; x_wconf 83' lang='lat' dir='ltr'><strong>Hermann:</strong></span> <span class='ocrx_word' id='word_1_570' title='bbox 369 4281 477 4332; x_wconf 82' lang='lat' dir='ltr'><strong>Grieeh.</strong></span> <span class='ocrx_word' id='word_1_571' title='bbox 490 4279 696 4332; x_wconf 85' lang='lat' dir='ltr'><strong>Stantsaltertlr.</strong></span> <span class='ocrx_word' id='word_1_572' title='bbox 711 4285 736 4346; x_wconf 68' lang='lat'><strong>§-</strong></span> <span class='ocrx_word' id='word_1_573' title='bbox 787 4285 860 4332; x_wconf 78' lang='lat' dir='ltr'><strong>roim</strong></span> <span class='ocrx_word' id='word_1_574' title='bbox 889 4275 1027 4349; x_wconf 73' lang='grc' dir='ltr'><strong><em>οὐνόμασι</em></strong></span> <span class='ocrx_word' id='word_1_575' title='bbox 1045 4281 1102 4334; x_wconf 74' lang='grc' dir='ltr'><strong><em>τοῖν</em></strong></span> <span class='ocrx_word' id='word_1_576' title='bbox 1120 4280 1231 4342; x_wconf 76' lang='grc' dir='ltr'><strong><em>φυλέων</em></strong></span> <span class='ocrx_word' id='word_1_577' title='bbox 1253 4273 1328 4345; x_wconf 66' lang='grc' dir='ltr'><em>ἐχρέ-</em></span> 
     </span>
     <span class='ocr_line' id='line_1_83' title="bbox 196 4344 1327 4417; baseline 0.007 -25"><span class='ocrx_word' id='word_1_578' title='bbox 196 4345 240 4394; x_wconf 69' lang='lat' dir='ltr'><strong>ue.</strong></span> <span class='ocrx_word' id='word_1_579' title='bbox 259 4351 316 4400; x_wconf 86' lang='lat' dir='ltr'><strong>not.</strong></span> <span class='ocrx_word' id='word_1_580' title='bbox 337 4349 432 4413; x_wconf 84' lang='grc'><strong>4-6,</strong></span> <span class='ocrx_word' id='word_1_581' title='bbox 452 4352 549 4404; x_wconf 83' lang='lat' dir='ltr'><strong>Grote:</strong></span> <span class='ocrx_word' id='word_1_582' title='bbox 573 4351 687 4417; x_wconf 87' lang='lat' dir='ltr'><strong>History</strong></span> <span class='ocrx_word' id='word_1_583' title='bbox 710 4351 739 4404; x_wconf 83' lang='lat' dir='ltr'><strong>oi</strong></span> <span class='ocrx_word' id='word_1_584' title='bbox 789 4367 861 4402; x_wconf 82' lang='grc' dir='ltr'><strong><em>ωνιο</em></strong></span> <span class='ocrx_word' id='word_1_585' title='bbox 877 4347 907 4403; x_wconf 81' lang='lat' dir='ltr'><strong>oi</strong></span> <span class='ocrx_word' id='word_1_586' title='bbox 918 4347 1073 4404; x_wconf 67' lang='grc' dir='ltr'><strong><em>Σικυώνιοι</em></strong></span> <span class='ocrx_word' id='word_1_587' title='bbox 1088 4350 1137 4404; x_wconf 77' lang='grc' dir='ltr'><strong>καὶ</strong></span> <span class='ocrx_word' id='word_1_588' title='bbox 1156 4344 1169 4402; x_wconf 75' lang='grc' dir='ltr'><strong><em>ἐ</em></strong></span> <span class='ocrx_word' id='word_1_589' title='bbox 1175 4347 1214 4402; x_wconf 73' lang='lat' dir='ltr'><strong>nl</strong></span> <span class='ocrx_word' id='word_1_590' title='bbox 1227 4351 1251 4400; x_wconf 87' lang='lat' dir='ltr'><em>K</em></span> <span class='ocrx_word' id='word_1_591' title='bbox 1257 4350 1327 4400; x_wconf 79' lang='lat' dir='ltr'><strong>ter-</strong></span> 
     </span>
    </p>
   </div>
   <div class='ocr_carea' id='block_1_7' title="bbox 0 0 1518 4966">
    <p class='ocr_par' dir='ltr' id='par_1_8' title="bbox 0 0 1518 4966">
     <span class='ocr_line' id='line_1_84' title="bbox 0 0 1518 4966; baseline 0 0"><span class='ocrx_word' id='word_1_592' title='bbox 0 0 1518 4966; x_wconf 95' lang='lat' dir='ltr'><strong> </strong></span> 
     </span>
    </p>
   </div>
  </div>
 </body>
</html>
