3062 4976
217 343 279 418 408
654 341 922 414 ΙΙΕΒΟΠΟΤΙ

213 526 379 617 Ἑλλήνων
399 525 575 613 ἁπάντων,
594 523 629 608 δς
646 526 867 615 ἐξαναστήσας
881 523 958 606 τοὺς
980 522 1120 595 Ἠλείων
1139 520 1359 612 ἀγωνοθέτας

219 632 319 712 αὑτὸς
339 630 399 700 τὸν
421 634 459 700 ἐν
474 629 638 720 Ὀλυμπίῃ
658 629 773 718 άγιὺνα
791 637 911 719 ἔθηκε,
932 629 1053 698 τούτου
1068 657 1102 698 τε
1118 627 1160 717 δὴ
1180 645 1274 712 παῖς,
1298 632 1358 699 καί

215 736 388 815 Ἀιιίαντος
408 731 609 824 Λυκούργου
630 733 746 822 Ἀρκάς
768 737 804 803 ἐκ
831 738 1094 822 Τραπεζοῦντος,
1122 733 1177 800 καὶ
1202 731 1297 822 Ἀζὴν
1318 737 1356 802 ἐκ

220 847 331 910 Παίου
350 839 465 919 πόλιος
480 838 640 927 Λαφάνης
655 837 874 926 Εὐφορίωνος
889 842 949 904 τοὺ
965 839 1147 924 δεξαμένου
1160 863 1214 922 τε,
1239 834 1282 918 ὦς
1297 838 1355 906 no'-

221 971 278 1032 ρος
300 945 337 1012 ἐν
357 940 515 1032 Ἀρκαδίῃ
535 945 682 1030 λέγεται,
706 940 784 1021 τοὺς
805 940 1036 1028 Διοσκούρους
1058 945 1192 1008 οίκίοισι
1214 945 1269 1010 καὶ
1290 939 1358 1010 ὑπὸ

220 1047 342 1118 τοὺτου
357 1051 620 1129 ξεινοδοκέοντος
634 1045 760 1125 πάντας
775 1043 995 1132 ἀνθρώπους,
1013 1044 1068 1111 καὶ
1080 1039 1205 1124 Ἠλείας
1217 1040 1356 1132 Ὀνομα-

221 1149 296 1231 στδς
305 1149 451 1238 Ἀγαίου.
475 1141 567 1220 οὑτοι
582 1150 644 1239 μὲν
659 1147 701 1237 δὴ
716 1151 748 1231 ἐξ
762 1147 865 1238 αὑτῆς
880 1145 1142 1234 Πελοποννήσου
1158 1138 1278 1235 ἦλθον.
1302 1145 1356 1216 Ἐκ

222 1352 387 1405 constitutus
408 1350 497 1402 nullas
518 1349 588 1400 alias
603 1349 689 1401 videri
710 1350 765 1398 nisi
813 1342 910 1412 rr’peiva
929 1340 1043 1398 redivers
1057 1348 1114 1399 vid.
1126 1348 1170 1409 11,
1193 1347 1242 1400 160
1264 1349 1359 1416 ibique

221 1422 394 1486 Aegineticas
408 1436 441 1470 επ
455 1422 560 1471 criente
579 1419 716 1485 proiectas
735 1424 763 1468 et
814 1418 909 1469 allata.

221 1491 355 1542 Plridouis
368 1491 452 1554 operi
469 1505 515 1555 per
528 1491 615 1540 Dores
630 1505 763 1555 propaga-

222 1567 281 1622 tas,
303 1561 450 1626 eodemque
465 1561 547 1611 etiarn
568 1561 703 1624 pertinere
717 1573 763 1624 pe·
846 1545 943 1618 Ἀρκάς
963 1544 992 1604 ἔκ
1010 1552 1235 1620 Τραπεζοῦντος]
1256 1559 1360 1622 Trape-

223 1633 282 1682 dem
295 1629 486 1695 Olympiacum
500 1645 517 1680 a
529 1629 651 1680 Phidone
664 1629 764 1679 eonsti-
816 1643 863 1676 nus
877 1625 911 1675 ad
926 1624 1102 1676 meridionale
1115 1626 1212 1691 Alphei
1227 1626 1299 1678 latus
1317 1629 1360 1678 ia-

223 1701 391 1764 tutum(cum
400 1700 473 1750 Eleis
484 1700 579 1752 eiectis
588 1698 667 1749 ludos
675 1695 766 1762 Olym·
815 1698 874 1746 cuit
886 1712 940 1746 non
949 1693 1029 1759 louge
1044 1695 1078 1744 ab
1089 1695 1206 1756 soloce,
1221 1712 1274 1760 que
1284 1703 1360 1761 post-

223 1771 318 1836 piacos
339 1770 460 1835 curaret)
483 1786 530 1835 per
547 1769 713 1829 Phoenices,
735 1773 766 1818 ut
816 1766 867 1816 bac
887 1771 1027 1815 exstructa
1043 1765 1097 1814 luit
1108 1765 1303 1830 Megalopolis,
1330 1767 1358 1815 in

223 1841 346 1902 videtur,
367 1856 399 1890 ex
412 1842 516 1891 oriente
530 1841 559 1889 in
571 1839 712 1888 Graeciam
727 1837 766 1886 al·
818 1851 898 1901 quam
926 1835 1018 1884 urbem
1042 1836 1226 1899 Trapezuntis
1251 1835 1359 1886 incolae

223 1911 309 1960 latum
333 1917 361 1959 et
385 1909 516 1960 Phidonis
542 1911 607 1960 curi
633 1921 766 1974 propaga·
817 1907 1010 1968 commigrasse
1035 1904 1171 1957 dicuntur.
1199 1905 1277 1955 Nunc
1296 1905 1359 1954 loco

225 1986 291 2030 tum.
817 1973 1360 2032 nomenBromoreilo,·rid.Curtius:lter

817 2045 996 2109 Peloponnes.
1013 2043 1035 2092 1.
1050 2059 1112 2108 pag.
1129 2045 1189 2096 305.
1223 2045 1265 2096 Ci.
1282 2046 1360 2094 hlau-

817 2113 983 2166 nert.V111.
1005 2129 1066 2178 pag.
1083 2114 1144 2165 457.
1183 2115 1214 2164 ln
1237 2115 1360 2179 proxime

818 2201 876 2250 seq.
895 2184 979 2234 verba
995 2178 1041 2231 καὶ
1059 2177 1134 2246 Ἀζὴν
1149 2173 1179 2232 ἐκ
1195 2181 1289 2232 Παίου
1308 2179 1359 2232 πό·

819 2245 1032 2316 ίιος·Λαφάνης
1045 2245 1235 2314 Εὑφορ”ωνος
1251 2253 1359 2304 valent:

819 2325 969 2387 Lupiam,
993 2322 1163 2385 Euphorionis
1185 2325 1254 2386 lilius
1278 2327 1360 2386 Ριιτο,

818 2395 933 2444 Ananiae
948 2391 988 2456 (iu
1000 2393 1129 2454 Arcadia)
1141 2393 1212 2452 arbe,
1228 2394 1359 2444 oriundos.

818 2466 871 2514 Pro
893 2461 987 2511 Παίου
1008 2461 1076 2512 mele
1097 2461 1159 2511 libri
1179 2463 1283 2528 aliquot
1301 2455 1360 2510 llei-

818 2547 885 2596 ρου,
911 2532 1050 2582 Sancroiti
1070 2531 1137 2582 liber·
1155 2527 1359 2594 Παιουπὺλιος,

818 2601 889 2652 unda
898 2602 992 2650 Pauo.
1003 2601 1158 2666 suspicatus
1171 2607 1231 2652 erat
1240 2600 1363 2650 licimo·

820 2662 927 2726 πάλιος.
953 2671 1017 2734 Ipsa
1033 2671 1096 2721 urbs
1112 2672 1146 2721 ad
1158 2671 1295 2722 Ladonem
1311 2671 1362 2720 flu-

260 2075 308 2130 sat
318 2075 488 2146 ὑβρίσαντος
502 2077 616 2144 μέγιστα
628 2077 646 2129 δ
650 2075 665 2145 ὴ
675 2072 768 2146 Ἐλλή-

226 2166 284 2201 νων
303 2142 450 2216 ἁπάντων]
470 2152 582 2216 isqui
600 2153 673 2215 Ιοιιρτ
687 2151 767 2202 (irne-

225 2238 308 2273 cornu
318 2221 420 2272 οιιιιιίαιιι
432 2223 634 2270 insolentissimus
642 2222 700 2285 snit.
722 2221 767 2272 Sic

226 2297 299 2343 reete
320 2289 602 2355 Sohrveigbseuserus.
637 2290 767 2340 Eiusdem

226 2361 358 2412 Phidcnis
370 2355 519 2422 τυράννων
532 2357 588 2408 ταῖν
595 2347 707 2422 Ἕλλησι
719 2353 769 2423 μα’-

227 2432 306 2480 icore
324 2422 495 2494 ὑβρίσαντος
513 2431 635 2478 meminit
647 2431 766 2481 Pausau.

227 2503 274 2556 VI,
286 2502 328 2550 22.
340 2503 364 2560 5.
377 2501 392 2548 2
403 2499 570 2563 eundemque
580 2499 678 2549 Strabo
691 2499 768 2548 Vlll.

228 2587 253 2634 p.
271 2568 359 2620 3583.
381 2585 402 2617 s.
418 2567 508 2618 ostiu.
523 2573 606 2617 vocat
622 2573 766 2630 tyrannum

228 2631 346 2700 δυνάμει
357 2629 604 2702 ὑπερβεβλημένον
622 2629 689 2692 τοὺς
704 2627 766 2684 κατ’

227 2699 325 2756 αὑτόν.
357 2707 394 2754 Ae
415 2709 541 2768 spectant
560 2707 641 2768 talia,
663 2707 768 2770 opinor,

229 2777 264 2827 nd
282 2789 413 2824 summam
435 2775 516 2824 istius
540 2775 651 2840 tyranni
675 2781 769 2838 poten-

229 2847 309 2904 tiam,
332 2859 385 2908 qna
406 2859 510 2892 omnenr
529 2842 584 2892 iere
601 2843 769 2907 Peloponne-

228 2929 287 2965 sum
304 2913 447 2976 subegerat
466 2911 659 2977 subditumque
674 2928 768 2963 severo

229 2985 342 3048 imperio
353 2982 499 3032 continuit.
513 2980 591 3031 Cerri.
604 2983 634 3034 C.
643 2981 675 3032 Ο.
685 2981 770 3031 Musl-

228 3053 277 3104 ler.
296 3053 314 3102 l.
326 3051 344 3104 l.
359 3067 423 3115 pag.
438 3051 482 3100 55.
523 3052 564 3101 De
584 3051 663 3101 rebus
677 3067 693 3100 a
708 3051 769 3101 Phi-

229 3124 298 3172 done
325 3121 410 3188 gestis
435 3121 546 3184 exponit
566 3122 767 3174 Weissenborn.

228 3193 246 3243 l.
261 3190 279 3240 l.
294 3208 355 3256 pag.
371 3191 405 3241 30
417 3207 507 3256 τερα,
523 3191 570 3255 qui
584 3207 615 3240 ex
629 3193 769 3242 Herodoto

229 3252 768 3327 αδειειιεάοεβὴσαντα(ριοὺβρίσαντα,

229 3330 336 3396 opinor)
356 3332 383 3381 id
401 3335 525 3395 spectare
546 3330 606 3381 vult
623 3346 672 3394 eo,
698 3331 769 3397 qnod

229 3401 316 3451 Plrido
331 3400 418 3452 locum
438 3407 559 3451 sunctum
574 3417 634 3451 curn
648 3402 770 3452 exercitu

229 3473 367 3536 ingressus
386 3471 423 3521 sit
439 3471 553 3535 indeque
567 3471 645 3520 neins
661 3474 770 3522 commi·

230 3542 307 3590 serit:
327 3541 355 3590 in
368 3555 420 3605 quo
431 3541 560 3590 assentiri
573 3557 687 3606 nequeo.

819 2741 892 2788 vium
908 2739 936 2788 in
950 2755 982 2788 es
994 2741 1130 2792 Arcadiae
1143 2747 1223 2806 parte
1233 2741 1360 2791 occiden-

819 2808 884 2872 tali,
897 2823 966 2872 quae
981 2810 1014 2858 ad
1030 2812 1162 2861 Ananiam
1176 2816 1275 2860 terram
1289 2811 1359 2875 (vid.

820 2879 955 2930 Mannert.
969 2879 1045 2929 vl11.
1061 2897 1087 2945 p.
1100 2879 1162 2944 rau)
1179 2881 1360 2941 reserabatur,

820 2952 959 2998 exstructa
985 2949 1078 2999 fertur.
1114 2950 1254 3016 Reliquias
1280 2965 1362 3014 quas·

820 3019 881 3068 darn
894 3025 1087 3069 commemorat
1097 3021 1180 3070 Paua.
1192 3020 1270 3079 Vlll,
1281 3019 1324 3072 23.
1332 3021 1360 3070 e.

820 3088 882 3138 Vid.
895 3087 1003 3138 Ourtius
1015 3085 1032 3138 l.
1046 3089 1062 3138 l.
1076 3105 1139 3154 pag.
1151 3089 1211 3140 386.
1237 3090 1279 3140 De
1292 3089 1362 3138 Ara-

820 3158 900 3218 nibus,
913 3158 958 3222 qni
968 3163 1075 3223 praeter
1085 3159 1229 3208 Arcadiam
1238 3160 1266 3208 in
1277 3158 1361 3222 Phry-

819 3228 964 3292 gioseque
981 3233 1063 3293 atque
1078 3229 1105 3278 in
1116 3228 1208 3278 Attica
1222 3229 1361 3292 reperiun-

820 3303 879 3358 tur,
898 3298 1003 3347 monuit
1015 3297 1095 3348 Abel:
1114 3299 1294 3348 Macedonico
1306 3301 1359 3348 etc.

820 3382 884 3431 pag.
897 3367 939 3418 63.
958 3369 999 3417 Ad
1008 3368 1191 3418 narrationem
1203 3369 1236 3418 de
1246 3369 1362 3418 Dioscu-

820 3438 858 3486 ris
867 3436 986 3500 hospitio
999 3438 1116 3501 receptis
1125 3437 1288 3500 Wesseliug.
1297 3453 1362 3486 con-

821 3507 874 3555 fert
887 3505 1002 3557 similem
1015 3506 1153 3556 Plutarchi
1165 3507 1201 3557 11.
1214 3523 1240 3572 p.
1253 3506 1318 3558 1103
1328 3507 1359 3556 A.

819 3575 852 3625 de
863 3575 1025 3626 Phormione
1035 3576 1186 3640 Spartano,
1201 3577 1248 3642 qui
1260 3581 1288 3626 st
1299 3577 1360 3641 ipse

263 3633 294 3700 δς
308 3632 498 3705 ἐξαναστήσας
510 3671 543 3680 --
555 3636 651 3706 ἀγῶνα
669 3637 768 3710 ἔθηκε]
819 3644 881 3695 illos
895 3645 1034 3709 excepisse
1048 3646 1199 3697 dicebatur.
1218 3647 1270 3696 Pro
1281 3639 1362 3694 Ὀνο-

230 3713 402 3764 Conreninnt
421 3713 518 3762 Strabo
536 3713 554 3766 l.
572 3713 590 3764 l.
603 3719 631 3762 et
648 3716 767 3764 Pnusau.
819 3705 924 3777 μαοτὺς
942 3714 1058 3766 Siebelis
1081 3716 1116 3766 sd
1138 3717 1258 3767 Pansan.
1276 3716 1314 3778 V,
1334 3715 1360 3764 8.

230 3785 277 3838 v1.
285 3784 327 3836 22.
337 3783 362 3832 2.
378 3783 611 3846 hutiqrritusenim
624 3783 703 3834 huius
713 3783 770 3833 ludi
820 3783 873 3846 §.3
888 3784 981 3850 retingi
993 3777 1232 3848 νιιΙίὈνόμαστος
1245 3789 1361 3836 accentu

230 3852 383 3904 adornandi
402 3857 565 3915 potestatem
590 3853 708 3904 habuere
726 3854 770 3902 Pi·
820 3857 951 3905 retracto.
985 3853 1062 3906 Coei.
1091 3857 1172 3906 etiam
1191 3854 1291 3906 Lehrsr
1319 3855 1362 3904 De

230 3929 324 3986 satae,
344 3922 391 3986 qui
403 3920 465 3973 dein
483 3921 531 3971 illa
544 3925 608 3971 sunt
620 3923 721 3986 privati
735 3923 769 3971 ab
821 3923 972 3974 Aristarchi
985 3925 1083 3975 studiis
1095 3941 1157 3990 pag.
1171 3925 1231 3976 aar.
1258 3925 1287 3974 Si
1302 3925 1362 3989 quis

230 3993 313 4054 Eleis,
328 3989 493 4052 Heraclidis,
508 4007 574 4056 qnos
588 3994 662 4054 ipsos
676 3992 769 4042 eadam
820 4009 900 4057 vero,
913 3993 1047 4044 Herodoti
1061 4010 1159 4044 morem
1175 3995 1202 4044 in
1219 3993 1363 4058 appellati-

230 4065 306 4114 sxnit
329 4061 432 4123 Phido‚
454 4065 481 4110 et
502 4059 570 4110 alias
590 4061 771 4125 Peloponnesi
821 4063 1115 4126 visveeibusaecutus‚
1129 4053 1364 4130 ρισὈνομαστὸς

231 4139 322 4198 partes
341 4137 368 4182 et
388 4131 475 4195 ipsam
489 4129 593 4180 Elidem
615 4132 698 4180 armis
717 4131 769 4180 sibi
820 4133 903 4182 scribi
914 4124 1191 4196 vnltOrlvopererde,
1206 4135 1304 4183 merito
1315 4133 1363 4183 oh·

230 4203 387 4252 subiiciens.
422 4201 544 4251 Pertinet
569 4215 634 4250 vero
659 4199 711 4250 hoc
735 4200 768 4250 ad
821 4201 940 4266 loquitur
959 4204 1076 4253 Brerlov.
1090 4219 1152 4269 pag.
1170 4204 1233 4260 163,
1251 4204 1297 4267 qui
1316 4219 1363 4254 ea-

230 4271 416 4335 (llympiadem
443 4275 569 4320 octavam
589 4284 611 4321 s.
633 4285 697 4318 ann.
719 4269 770 4320 748
820 4272 880 4321 dem
893 4271 926 4322 de
938 4273 1165 4324 eausaintcctum
1179 4275 1238 4323 iure
1252 4273 1364 4338 reliquit

230 4344 294 4388 ante
306 4339 368 4389 Chr.
385 4356 410 4388 rr.
440 4341 499 4391 Vid.
513 4338 641 4390 Fischer:
661 4339 768 4390 Grieeh.
816 4331 1018 4401 Ὀνομάκριτος
1030 4343 1097 4404 VII,
1115 4344 1142 4398 o.
1179 4343 1274 4407 Neque
1290 4345 1363 4392 euiru

229 4407 342 4458 Zeittai.
363 4425 426 4474 pag·
444 4411 488 4462 65.
508 4437 543 4446 -
568 4410 610 4459 De
633 4407 770 4459 locutione
819 4410 1215 4476 nominaprepriaadssnriem
1228 4412 1362 4462 rationem
