<?xml version="1.0" encoding="UTF-8"?>
<!DOCTYPE html PUBLIC "-//W3C//DTD XHTML 1.0 Transitional//EN"
    "http://www.w3.org/TR/xhtml1/DTD/xhtml1-transitional.dtd">
<html xmlns="http://www.w3.org/1999/xhtml" xml:lang="en" lang="en">
 <head>
  <title>
</title>
<meta http-equiv="Content-Type" content="text/html;charset=utf-8" />
  <meta name='ocr-system' content='tesseract 3.04.00' />
  <meta name='ocr-capabilities' content='ocr_page ocr_carea ocr_par ocr_line ocrx_word'/>
</head>
<body>
  <div class='ocr_page' id='page_1' title='image "./herodotihalicar01bhgoog_0360.png"; bbox 0 0 3062 4976; ppageno 0'>
   <div class='ocr_carea' id='block_1_1' title="bbox 556 293 955 364">
    <p class='ocr_par' dir='ltr' id='par_1_1' title="bbox 556 293 955 364">
     <span class='ocr_line' id='line_1_1' title="bbox 556 293 955 364; baseline 0.008 -8"><span class='ocrx_word' id='word_1_1' title='bbox 556 293 738 358; x_wconf 78' lang='grc' dir='ltr'><strong><em>ΕΒΑΤΟ.</em></strong></span> <span class='ocrx_word' id='word_1_2' title='bbox 761 295 815 359; x_wconf 91' lang='lat' dir='ltr'><strong>VI.</strong></span> <span class='ocrx_word' id='word_1_3' title='bbox 834 305 955 364; x_wconf 74' lang='lat' dir='ltr'><strong>sc—-su</strong></span> 
     </span>
    </p>
   </div>
   <div class='ocr_carea' id='block_1_2' title="bbox 1260 303 1322 366">
    <p class='ocr_par' dir='ltr' id='par_1_2' title="bbox 1260 303 1322 366">
     <span class='ocr_line' id='line_1_2' title="bbox 1260 303 1322 366; baseline 0.016 -1"><span class='ocrx_word' id='word_1_4' title='bbox 1260 303 1322 366; x_wconf 83' lang='lat'><strong>337</strong></span> 
     </span>
    </p>
   </div>
   <div class='ocr_carea' id='block_1_3' title="bbox 131 464 1367 1590">
    <p class='ocr_par' dir='ltr' id='par_1_3' title="bbox 131 464 1367 1590">
     <span class='ocr_line' id='line_1_3' title="bbox 131 464 1320 562; baseline 0.008 -26"><span class='ocrx_word' id='word_1_5' title='bbox 131 474 322 556; x_wconf 70' lang='lat' dir='ltr'><strong>475xtdt&#39;0v9</strong></span> <span class='ocrx_word' id='word_1_6' title='bbox 344 467 381 538; x_wconf 72' lang='grc' dir='ltr'><strong>δὲ</strong></span> <span class='ocrx_word' id='word_1_7' title='bbox 395 464 494 548; x_wconf 83' lang='grc' dir='ltr'><strong><em>αὐτὸς</em></strong></span> <span class='ocrx_word' id='word_1_8' title='bbox 508 467 622 557; x_wconf 70' lang='grc' dir='ltr'><strong><em>λαβών</em></strong></span> <span class='ocrx_word' id='word_1_9' title='bbox 638 469 715 550; x_wconf 84' lang='grc' dir='ltr'><strong>τούς</strong></span> <span class='ocrx_word' id='word_1_10' title='bbox 733 467 886 560; x_wconf 74' lang='grc' dir='ltr'><strong><em>ἀριστέας</em></strong></span> <span class='ocrx_word' id='word_1_11' title='bbox 914 469 965 561; x_wconf 76' lang='grc' dir='ltr'><strong><em>ἤϊε</em></strong></span> <span class='ocrx_word' id='word_1_12' title='bbox 985 477 1018 553; x_wconf 82' lang='grc' dir='ltr'><strong>ἐς</strong></span> <span class='ocrx_word' id='word_1_13' title='bbox 1037 471 1075 542; x_wconf 80' lang='grc' dir='ltr'><strong>τὸ</strong></span> <span class='ocrx_word' id='word_1_14' title='bbox 1100 469 1236 562; x_wconf 81' lang='grc' dir='ltr'><strong><em>Ἡραῖον</em></strong></span> <span class='ocrx_word' id='word_1_15' title='bbox 1254 477 1320 546; x_wconf 72' lang='lat' dir='ltr'><strong>bri·</strong></span> 
     </span>
     <span class='ocr_line' id='line_1_4' title="bbox 187 569 1322 668; baseline 0.008 -28"><span class='ocrx_word' id='word_1_16' title='bbox 187 594 267 648; x_wconf 85' lang='grc' dir='ltr'><strong><em>οων.</em></strong></span> <span class='ocrx_word' id='word_1_17' title='bbox 298 571 509 660; x_wconf 80' lang='grc' dir='ltr'><strong><em>βουλόμενον</em></strong></span> <span class='ocrx_word' id='word_1_18' title='bbox 524 573 561 641; x_wconf 76' lang='grc' dir='ltr'><strong>δὲ</strong></span> <span class='ocrx_word' id='word_1_19' title='bbox 575 569 678 642; x_wconf 81' lang='grc' dir='ltr'><strong><em>αὐτὸν</em></strong></span> <span class='ocrx_word' id='word_1_20' title='bbox 692 574 793 643; x_wconf 78' lang='grc' dir='ltr'><strong><em>θύειν</em></strong></span> <span class='ocrx_word' id='word_1_21' title='bbox 809 578 862 644; x_wconf 80' lang='grc' dir='ltr'><strong>ἐπὶ</strong></span> <span class='ocrx_word' id='word_1_22' title='bbox 876 581 936 644; x_wconf 82' lang='grc' dir='ltr'><strong>τοῦ</strong></span> <span class='ocrx_word' id='word_1_23' title='bbox 949 580 1066 664; x_wconf 83' lang='grc' dir='ltr'>βωμοῦ</span> <span class='ocrx_word' id='word_1_24' title='bbox 1080 572 1098 646; x_wconf 86' lang='grc' dir='ltr'><strong>ὁ</strong></span> <span class='ocrx_word' id='word_1_25' title='bbox 1113 577 1221 665; x_wconf 81' lang='grc' dir='ltr'><strong><em>ἑερεύς</em></strong></span> <span class='ocrx_word' id='word_1_26' title='bbox 1235 576 1322 668; x_wconf 77' lang='grc' dir='ltr'><strong><em>ἀπη-</em></strong></span> 
     </span>
     <span class='ocr_line' id='line_1_5' title="bbox 187 672 1321 769; baseline 0.008 -27"><span class='ocrx_word' id='word_1_27' title='bbox 187 675 323 761; x_wconf 77' lang='grc' dir='ltr'><strong><em>γόρευε,</em></strong></span> <span class='ocrx_word' id='word_1_28' title='bbox 346 674 412 761; x_wconf 83' lang='grc' dir='ltr'><strong>φὰς</strong></span> <span class='ocrx_word' id='word_1_29' title='bbox 427 672 490 744; x_wconf 83' lang='grc' dir='ltr'><strong>οὐκ</strong></span> <span class='ocrx_word' id='word_1_30' title='bbox 511 672 605 744; x_wconf 81' lang='grc' dir='ltr'><strong><em>ὅσιον</em></strong></span> <span class='ocrx_word' id='word_1_31' title='bbox 623 675 709 746; x_wconf 85' lang='grc' dir='ltr'><strong><em>εἶναι</em></strong></span> <span class='ocrx_word' id='word_1_32' title='bbox 729 681 828 769; x_wconf 79' lang='grc' dir='ltr'><strong><em>ξείνῳ</em></strong></span> <span class='ocrx_word' id='word_1_33' title='bbox 842 675 964 748; x_wconf 82' lang='grc' dir='ltr'><em>αὐτόθι</em></span> <span class='ocrx_word' id='word_1_34' title='bbox 984 678 1095 749; x_wconf 77' lang='grc' dir='ltr'><strong><em>θύειν.</em></strong></span> <span class='ocrx_word' id='word_1_35' title='bbox 1132 677 1199 751; x_wconf 79' lang='grc' dir='ltr'><strong>ὅδὲ</strong></span> <span class='ocrx_word' id='word_1_36' title='bbox 1215 689 1321 752; x_wconf 88' lang='grc' dir='ltr'><strong><em>Κλεο-</em></strong></span> 
     </span>
     <span class='ocr_line' id='line_1_6' title="bbox 186 777 1320 872; baseline 0.007 -25"><span class='ocrx_word' id='word_1_37' title='bbox 186 781 288 865; x_wconf 81' lang='grc' dir='ltr'><strong><em>μένης</em></strong></span> <span class='ocrx_word' id='word_1_38' title='bbox 303 777 361 846; x_wconf 85' lang='grc' dir='ltr'><strong>τὸν</strong></span> <span class='ocrx_word' id='word_1_39' title='bbox 380 780 451 864; x_wconf 83' lang='grc' dir='ltr'><strong><em>λρὲα</em></strong></span> <span class='ocrx_word' id='word_1_40' title='bbox 474 780 607 848; x_wconf 80' lang='grc' dir='ltr'><strong><em>ἐκέλευε</em></strong></span> <span class='ocrx_word' id='word_1_41' title='bbox 627 779 704 859; x_wconf 81' lang='grc' dir='ltr'><strong>τούς</strong></span> <span class='ocrx_word' id='word_1_42' title='bbox 720 785 856 860; x_wconf 76' lang='grc' dir='ltr'><strong><em>εἵλωτας</em></strong></span> <span class='ocrx_word' id='word_1_43' title='bbox 871 778 936 850; x_wconf 79' lang='grc' dir='ltr'><strong>ἀπὸ</strong></span> <span class='ocrx_word' id='word_1_44' title='bbox 955 788 1015 850; x_wconf 82' lang='grc' dir='ltr'><strong>τοῦ</strong></span> <span class='ocrx_word' id='word_1_45' title='bbox 1035 789 1152 871; x_wconf 81' lang='grc' dir='ltr'><em>βωμοῦ</em></span> <span class='ocrx_word' id='word_1_46' title='bbox 1172 782 1320 872; x_wconf 75' lang='grc' dir='ltr'><strong><em>ἀπάγον-</em></strong></span> 
     </span>
     <span class='ocr_line' id='line_1_7' title="bbox 185 879 1320 977; baseline 0.01 -29"><span class='ocrx_word' id='word_1_47' title='bbox 185 909 243 959; x_wconf 87' lang='grc' dir='ltr'><strong>τας</strong></span> <span class='ocrx_word' id='word_1_48' title='bbox 257 886 478 969; x_wconf 77' lang='grc' dir='ltr'><strong><em>μαστιγῶσαι,</em></strong></span> <span class='ocrx_word' id='word_1_49' title='bbox 499 884 554 950; x_wconf 81' lang='grc' dir='ltr'><strong>καὶ</strong></span> <span class='ocrx_word' id='word_1_50' title='bbox 570 879 668 962; x_wconf 80' lang='grc' dir='ltr'><strong><em>αὐτὸς</em></strong></span> <span class='ocrx_word' id='word_1_51' title='bbox 687 889 808 954; x_wconf 80' lang='grc' dir='ltr'><strong><em>ἔθυσε·</em></strong></span> <span class='ocrx_word' id='word_1_52' title='bbox 841 883 980 971; x_wconf 81' lang='grc' dir='ltr'><strong><em>ποιήσας</em></strong></span> <span class='ocrx_word' id='word_1_53' title='bbox 1000 886 1155 956; x_wconf 73' lang='grc' dir='ltr'><strong><em>δὲταῦτα</em></strong></span> <span class='ocrx_word' id='word_1_54' title='bbox 1173 885 1272 977; x_wconf 80' lang='grc' dir='ltr'><strong><em>ἆπήΐε</em></strong></span> <span class='ocrx_word' id='word_1_55' title='bbox 1287 893 1320 970; x_wconf 85' lang='grc' dir='ltr'><strong>ές</strong></span> 
     </span>
     <span class='ocr_line' id='line_1_8' title="bbox 187 981 1367 1076; baseline 0.012 -25"><span class='ocrx_word' id='word_1_56' title='bbox 187 981 249 1070; x_wconf 79' lang='grc' dir='ltr'><strong>τὴν</strong></span> <span class='ocrx_word' id='word_1_57' title='bbox 264 984 435 1070; x_wconf 83' lang='grc' dir='ltr'><strong><em>Σπάρτην.</em></strong></span> <span class='ocrx_word' id='word_1_58' title='bbox 480 984 698 1073; x_wconf 85' lang='grc' dir='ltr'><strong><em>Νοστήσαντα</em></strong></span> <span class='ocrx_word' id='word_1_59' title='bbox 713 990 753 1056; x_wconf 79' lang='grc' dir='ltr'><strong>δέ</strong></span> <span class='ocrx_word' id='word_1_60' title='bbox 767 1016 826 1076; x_wconf 89' lang='grc' dir='ltr'><strong>μιν</strong></span> <span class='ocrx_word' id='word_1_61' title='bbox 839 983 971 1075; x_wconf 78' lang='grc' dir='ltr'><strong><em>ὑπῆγον</em></strong></span> <span class='ocrx_word' id='word_1_62' title='bbox 983 994 1018 1058; x_wconf 80' lang='grc' dir='ltr'><strong>οἱ</strong></span> <span class='ocrx_word' id='word_1_63' title='bbox 1032 991 1147 1076; x_wconf 79' lang='grc' dir='ltr'><strong><em>ἐχθροὶ</em></strong></span> <span class='ocrx_word' id='word_1_64' title='bbox 1162 987 1229 1060; x_wconf 81' lang='grc' dir='ltr'><strong>ὑπὸ</strong></span> <span class='ocrx_word' id='word_1_65' title='bbox 1242 990 1320 1072; x_wconf 81' lang='grc' dir='ltr'><strong>τούς</strong></span> <span class='ocrx_word' id='word_1_66' title='bbox 1327 1006 1367 1068; x_wconf 86' lang='grc'><strong>82</strong></span> 
     </span>
     <span class='ocr_line' id='line_1_9' title="bbox 188 1085 1319 1180; baseline 0.008 -26"><span class='ocrx_word' id='word_1_67' title='bbox 188 1085 347 1174; x_wconf 79' lang='grc' dir='ltr'><strong><em>ἐφόρους,</em></strong></span> <span class='ocrx_word' id='word_1_68' title='bbox 376 1087 523 1174; x_wconf 76' lang='grc' dir='ltr'><strong><em>φάμενοί</em></strong></span> <span class='ocrx_word' id='word_1_69' title='bbox 547 1116 606 1176; x_wconf 86' lang='grc' dir='ltr'><strong>μιν</strong></span> <span class='ocrx_word' id='word_1_70' title='bbox 627 1090 908 1179; x_wconf 71' lang='grc' dir='ltr'><strong><em>δωροδοκήσαντα</em></strong></span> <span class='ocrx_word' id='word_1_71' title='bbox 936 1089 997 1160; x_wconf 84' lang='grc' dir='ltr'><strong>οὐκ</strong></span> <span class='ocrx_word' id='word_1_72' title='bbox 1022 1096 1111 1161; x_wconf 80' lang='grc' dir='ltr'><strong><em>ἑλεῖν</em></strong></span> <span class='ocrx_word' id='word_1_73' title='bbox 1134 1091 1171 1161; x_wconf 85' lang='grc' dir='ltr'><strong>τό</strong></span> <span class='ocrx_word' id='word_1_74' title='bbox 1191 1091 1319 1180; x_wconf 72' lang='grc' dir='ltr'><strong>ΙἌργος,</strong></span> 
     </span>
     <span class='ocr_line' id='line_1_10' title="bbox 188 1186 1319 1286; baseline 0.006 -29"><span class='ocrx_word' id='word_1_75' title='bbox 188 1187 312 1277; x_wconf 84' lang='grc' dir='ltr'><strong><em>παρεὸν</em></strong></span> <span class='ocrx_word' id='word_1_76' title='bbox 327 1186 491 1270; x_wconf 74' lang='grc' dir='ltr'><strong><em>εὐπετέως</em></strong></span> <span class='ocrx_word' id='word_1_77' title='bbox 504 1219 563 1279; x_wconf 89' lang='grc' dir='ltr'><strong>μιν</strong></span> <span class='ocrx_word' id='word_1_78' title='bbox 578 1195 676 1260; x_wconf 84' lang='grc' dir='ltr'><strong><em>ἑλεῖν.</em></strong></span> <span class='ocrx_word' id='word_1_79' title='bbox 717 1189 752 1262; x_wconf 90' lang='lat'><strong>‘0</strong></span> <span class='ocrx_word' id='word_1_80' title='bbox 768 1198 808 1263; x_wconf 78' lang='grc' dir='ltr'><strong>δέ</strong></span> <span class='ocrx_word' id='word_1_81' title='bbox 819 1216 880 1280; x_wconf 90' lang='grc' dir='ltr'><strong>σφι</strong></span> <span class='ocrx_word' id='word_1_82' title='bbox 895 1198 1001 1279; x_wconf 76' lang='grc' dir='ltr'><strong><em>ἔλεξε,</em></strong></span> <span class='ocrx_word' id='word_1_83' title='bbox 1017 1192 1094 1264; x_wconf 78' lang='grc' dir='ltr'><strong><em>οὔτε</em></strong></span> <span class='ocrx_word' id='word_1_84' title='bbox 1109 1201 1140 1264; x_wconf 81' lang='grc' dir='ltr'><strong>ελ</strong></span> <span class='ocrx_word' id='word_1_85' title='bbox 1151 1197 1319 1286; x_wconf 78' lang='grc' dir='ltr'><strong><em>ψευδόμε-</em></strong></span> 
     </span>
     <span class='ocr_line' id='line_1_11' title="bbox 187 1290 1322 1383; baseline 0.006 -22"><span class='ocrx_word' id='word_1_86' title='bbox 187 1320 261 1376; x_wconf 88' lang='grc' dir='ltr'><strong><em>νος,</em></strong></span> <span class='ocrx_word' id='word_1_87' title='bbox 275 1291 353 1362; x_wconf 80' lang='grc' dir='ltr'><strong><em>οὔτε</em></strong></span> <span class='ocrx_word' id='word_1_88' title='bbox 368 1299 399 1361; x_wconf 83' lang='grc' dir='ltr'><strong>ελ</strong></span> <span class='ocrx_word' id='word_1_89' title='bbox 411 1290 540 1380; x_wconf 77' lang='grc' dir='ltr'><strong><em>ἀληθέα</em></strong></span> <span class='ocrx_word' id='word_1_90' title='bbox 554 1297 678 1381; x_wconf 73' lang='grc' dir='ltr'><strong><em>λέγων,</em></strong></span> <span class='ocrx_word' id='word_1_91' title='bbox 695 1302 780 1382; x_wconf 82' lang='grc' dir='ltr'><strong><em>ἔχων</em></strong></span> <span class='ocrx_word' id='word_1_92' title='bbox 793 1301 970 1383; x_wconf 83' lang='grc' dir='ltr'><strong><em>σαφηνέως</em></strong></span> <span class='ocrx_word' id='word_1_93' title='bbox 984 1298 1092 1367; x_wconf 77' lang='grc' dir='ltr'><strong><em>εἶπαι·</em></strong></span> <span class='ocrx_word' id='word_1_94' title='bbox 1115 1301 1204 1380; x_wconf 78' lang='grc' dir='ltr'><strong><em>ἔλεξε</em></strong></span> <span class='ocrx_word' id='word_1_95' title='bbox 1221 1305 1242 1368; x_wconf 82' lang='lat' dir='ltr'><strong>d</strong></span> <span class='ocrx_word' id='word_1_96' title='bbox 1249 1295 1257 1321; x_wconf 92' lang='lat'>’</span> <span class='ocrx_word' id='word_1_97' title='bbox 1273 1290 1322 1368; x_wconf 78' lang='grc' dir='ltr'><strong>ὦν</strong></span> 
     </span>
     <span class='ocr_line' id='line_1_12' title="bbox 187 1395 1319 1490; baseline 0.008 -28"><span class='ocrx_word' id='word_1_98' title='bbox 187 1395 352 1483; x_wconf 78' lang='grc' dir='ltr'><strong><em>φάμενος,</em></strong></span> <span class='ocrx_word' id='word_1_99' title='bbox 373 1399 448 1464; x_wconf 80' lang='grc' dir='ltr'><strong><em>ἐπεί</em></strong></span> <span class='ocrx_word' id='word_1_100' title='bbox 460 1423 496 1464; x_wconf 86' lang='grc' dir='ltr'><strong><em>τε</em></strong></span> <span class='ocrx_word' id='word_1_101' title='bbox 511 1395 552 1485; x_wconf 76' lang='grc' dir='ltr'><strong>δὴ</strong></span> <span class='ocrx_word' id='word_1_102' title='bbox 566 1397 603 1467; x_wconf 84' lang='grc' dir='ltr'><strong>τὸ</strong></span> <span class='ocrx_word' id='word_1_103' title='bbox 617 1395 808 1488; x_wconf 79' lang='grc' dir='ltr'><strong><em>τοῦ”Αργου</em></strong></span> <span class='ocrx_word' id='word_1_104' title='bbox 824 1398 898 1488; x_wconf 86' lang='grc' dir='ltr'><strong>ίρόν</strong></span> <span class='ocrx_word' id='word_1_105' title='bbox 912 1395 995 1488; x_wconf 83' lang='grc' dir='ltr'><strong><em>εἷλε,</em></strong></span> <span class='ocrx_word' id='word_1_106' title='bbox 1018 1404 1148 1470; x_wconf 77' lang='grc' dir='ltr'><strong><em>δοκέειν</em></strong></span> <span class='ocrx_word' id='word_1_107' title='bbox 1162 1407 1195 1470; x_wconf 82' lang='lat' dir='ltr'><strong>ol</strong></span> <span class='ocrx_word' id='word_1_108' title='bbox 1207 1405 1319 1490; x_wconf 78' lang='grc' dir='ltr'><strong><em>ἐξελη-</em></strong></span> 
     </span>
     <span class='ocr_line' id='line_1_13' title="bbox 187 1495 1321 1590; baseline 0.005 -23"><span class='ocrx_word' id='word_1_109' title='bbox 187 1502 330 1568; x_wconf 84' lang='grc' dir='ltr'><strong><em>λυθέναι</em></strong></span> <span class='ocrx_word' id='word_1_110' title='bbox 346 1497 404 1568; x_wconf 85' lang='grc' dir='ltr'><strong>τὸν</strong></span> <span class='ocrx_word' id='word_1_111' title='bbox 423 1499 572 1588; x_wconf 84' lang='grc' dir='ltr'><strong><em>χρησμὸν</em></strong></span> <span class='ocrx_word' id='word_1_112' title='bbox 594 1507 654 1570; x_wconf 82' lang='grc' dir='ltr'><strong>τοῦ</strong></span> <span class='ocrx_word' id='word_1_113' title='bbox 675 1507 776 1570; x_wconf 71' lang='grc' dir='ltr'><strong>θεοῦΙ</strong></span> <span class='ocrx_word' id='word_1_114' title='bbox 809 1501 891 1590; x_wconf 83' lang='grc' dir='ltr'><strong><em>πρὸς</em></strong></span> <span class='ocrx_word' id='word_1_115' title='bbox 913 1495 962 1573; x_wconf 75' lang='grc' dir='ltr'><strong>ὧν</strong></span> <span class='ocrx_word' id='word_1_116' title='bbox 980 1509 1083 1573; x_wconf 85' lang='grc' dir='ltr'><strong><em>ταῦτα</em></strong></span> <span class='ocrx_word' id='word_1_117' title='bbox 1107 1501 1147 1573; x_wconf 76' lang='grc' dir='ltr'><strong>οὐ</strong></span> <span class='ocrx_word' id='word_1_118' title='bbox 1168 1509 1321 1574; x_wconf 69' lang='lat' dir='ltr'><strong>discredo</strong></span> 
     </span>
    </p>
   </div>
   <div class='ocr_carea' id='block_1_4' title="bbox 186 1707 1319 1982">
    <p class='ocr_par' dir='ltr' id='par_1_4' title="bbox 186 1707 1319 1982">
     <span class='ocr_line' id='line_1_14' title="bbox 186 1707 1319 1778; baseline 0.01 -23"><span class='ocrx_word' id='word_1_119' title='bbox 186 1721 222 1756; x_wconf 88' lang='lat' dir='ltr'><strong>an</strong></span> <span class='ocrx_word' id='word_1_120' title='bbox 232 1707 305 1757; x_wconf 84' lang='lat' dir='ltr'><strong>Prol.</strong></span> <span class='ocrx_word' id='word_1_121' title='bbox 317 1709 387 1758; x_wconf 87' lang='lat' dir='ltr'><strong>Ross</strong></span> <span class='ocrx_word' id='word_1_122' title='bbox 398 1709 424 1756; x_wconf 92' lang='lat' dir='ltr'><strong>in</strong></span> <span class='ocrx_word' id='word_1_123' title='bbox 436 1707 523 1758; x_wconf 85' lang='lat' dir='ltr'><strong>Halle.</strong></span> <span class='ocrx_word' id='word_1_124' title='bbox 544 1708 728 1760; x_wconf 89' lang='lat' dir='ltr'><strong>Nebateinem</strong></span> <span class='ocrx_word' id='word_1_125' title='bbox 779 1708 967 1778; x_wconf 74' lang='grc' dir='ltr'><strong><em>μαστιγῶσαι)</em></strong></span> <span class='ocrx_word' id='word_1_126' title='bbox 993 1713 1099 1764; x_wconf 84' lang='lat' dir='ltr'><strong>monuit</strong></span> <span class='ocrx_word' id='word_1_127' title='bbox 1118 1712 1246 1764; x_wconf 85' lang='lat' dir='ltr'><strong>Kuohner</strong></span> <span class='ocrx_word' id='word_1_128' title='bbox 1273 1713 1319 1766; x_wconf 81' lang='lat' dir='ltr'><strong>Gr.</strong></span> 
     </span>
     <span class='ocr_line' id='line_1_15' title="bbox 186 1776 938 1843; baseline 0.007 -17"><span class='ocrx_word' id='word_1_129' title='bbox 186 1776 255 1826; x_wconf 83' lang='lat' dir='ltr'><strong>Pleu</strong></span> <span class='ocrx_word' id='word_1_130' title='bbox 265 1778 313 1828; x_wconf 87' lang='lat' dir='ltr'><strong>des</strong></span> <span class='ocrx_word' id='word_1_131' title='bbox 323 1777 443 1827; x_wconf 88' lang='lat' dir='ltr'><strong>Heriiou.</strong></span> <span class='ocrx_word' id='word_1_132' title='bbox 453 1777 535 1827; x_wconf 82' lang='lat' dir='ltr'><strong>Helle</strong></span> <span class='ocrx_word' id='word_1_133' title='bbox 550 1779 634 1828; x_wconf 73' lang='grc' dir='ltr'><strong>1855Η</strong></span> <span class='ocrx_word' id='word_1_134' title='bbox 646 1783 673 1828; x_wconf 91' lang='lat' dir='ltr'><strong>et</strong></span> <span class='ocrx_word' id='word_1_135' title='bbox 684 1780 729 1828; x_wconf 90' lang='lat' dir='ltr'><strong>Vi·</strong></span> <span class='ocrx_word' id='word_1_136' title='bbox 780 1782 826 1832; x_wconf 90' lang='lat' dir='ltr'><strong>Gr.</strong></span> <span class='ocrx_word' id='word_1_137' title='bbox 840 1785 864 1843; x_wconf 64' lang='grc'><strong>5.</strong></span> <span class='ocrx_word' id='word_1_138' title='bbox 879 1783 938 1833; x_wconf 78' lang='grc'><strong><em>1117.</em></strong></span> 
     </span>
     <span class='ocr_line' id='line_1_16' title="bbox 186 1845 727 1912; baseline -0.002 -16"><span class='ocrx_word' id='word_1_139' title='bbox 186 1845 278 1896; x_wconf 86' lang='lat' dir='ltr'><strong>schor:</strong></span> <span class='ocrx_word' id='word_1_140' title='bbox 296 1848 495 1912; x_wconf 82' lang='lat' dir='ltr'><strong>Erinneruugg.</strong></span> <span class='ocrx_word' id='word_1_141' title='bbox 512 1861 561 1896; x_wconf 85' lang='lat' dir='ltr'><strong>uus</strong></span> <span class='ocrx_word' id='word_1_142' title='bbox 574 1846 727 1898; x_wconf 85' lang='lat' dir='ltr'><strong>Griechenl.</strong></span> 
     </span>
     <span class='ocr_line' id='line_1_17' title="bbox 187 1915 729 1982; baseline 0 -16"><span class='ocrx_word' id='word_1_143' title='bbox 187 1931 250 1980; x_wconf 80' lang='lat' dir='ltr'><strong>pag.</strong></span> <span class='ocrx_word' id='word_1_144' title='bbox 258 1915 309 1965; x_wconf 73' lang='lat'><strong>‘296</strong></span> <span class='ocrx_word' id='word_1_145' title='bbox 319 1932 394 1982; x_wconf 85' lang='lat' dir='ltr'><strong>seqq.</strong></span> <span class='ocrx_word' id='word_1_146' title='bbox 412 1917 509 1982; x_wconf 83' lang='lat' dir='ltr'><strong>ltaque</strong></span> <span class='ocrx_word' id='word_1_147' title='bbox 519 1932 590 1966; x_wconf 91' lang='lat' dir='ltr'><strong>nnnc</strong></span> <span class='ocrx_word' id='word_1_148' title='bbox 602 1917 677 1966; x_wconf 84' lang='lat' dir='ltr'><strong>nulla</strong></span> <span class='ocrx_word' id='word_1_149' title='bbox 687 1923 729 1967; x_wconf 86' lang='lat' dir='ltr'><strong>eat</strong></span> 
     </span>
    </p>
   </div>
   <div class='ocr_carea' id='block_1_5' title="bbox 186 1969 1164 2050">
    <p class='ocr_par' dir='ltr' id='par_1_5' title="bbox 186 1969 1164 2050">
     <span class='ocr_line' id='line_1_18' title="bbox 186 1969 1164 2050; baseline -0.004 -17"><span class='ocrx_word' id='word_1_150' title='bbox 186 1985 324 2035; x_wconf 78' lang='lat' dir='ltr'><strong>dubitatio</strong></span> <span class='ocrx_word' id='word_1_151' title='bbox 338 1987 370 2036; x_wconf 88' lang='lat' dir='ltr'><strong>de</strong></span> <span class='ocrx_word' id='word_1_152' title='bbox 384 1987 457 2050; x_wconf 93' lang='lat' dir='ltr'><strong>loco,</strong></span> <span class='ocrx_word' id='word_1_153' title='bbox 471 2001 524 2050; x_wconf 90' lang='lat' dir='ltr'><strong>quo</strong></span> <span class='ocrx_word' id='word_1_154' title='bbox 537 1986 673 2036; x_wconf 84' lang='lat' dir='ltr'><strong>Heraeum</strong></span> <span class='ocrx_word' id='word_1_155' title='bbox 684 2002 728 2036; x_wconf 79' lang='lat' dir='ltr'><strong>ex·</strong></span> <span class='ocrx_word' id='word_1_156' title='bbox 938 1970 1004 2020; x_wconf 62' lang='lat' dir='ltr'><strong>CAP·</strong></span> <span class='ocrx_word' id='word_1_157' title='bbox 1024 1969 1164 2021; x_wconf 72' lang='lat' dir='ltr'><strong>LXXXII·</strong></span> 
     </span>
    </p>
   </div>
   <div class='ocr_carea' id='block_1_6' title="bbox 183 2055 728 3078">
    <p class='ocr_par' dir='ltr' id='par_1_6' title="bbox 183 2055 728 3078">
     <span class='ocr_line' id='line_1_19' title="bbox 187 2055 728 2118; baseline 0.004 -16"><span class='ocrx_word' id='word_1_158' title='bbox 187 2059 320 2106; x_wconf 85' lang='lat' dir='ltr'><strong>structum</strong></span> <span class='ocrx_word' id='word_1_159' title='bbox 332 2056 394 2118; x_wconf 83' lang='lat' dir='ltr'><strong>luit,</strong></span> <span class='ocrx_word' id='word_1_160' title='bbox 404 2058 431 2104; x_wconf 93' lang='lat' dir='ltr'><strong>in</strong></span> <span class='ocrx_word' id='word_1_161' title='bbox 442 2055 645 2106; x_wconf 85' lang='lat' dir='ltr'><strong>declivitatibus</strong></span> <span class='ocrx_word' id='word_1_162' title='bbox 655 2071 728 2106; x_wconf 89' lang='lat' dir='ltr'><strong>mon-</strong></span> 
     </span>
     <span class='ocr_line' id='line_1_20' title="bbox 186 2123 728 2189; baseline 0.002 -16"><span class='ocrx_word' id='word_1_163' title='bbox 186 2126 269 2186; x_wconf 87' lang='lat' dir='ltr'><strong>tium,</strong></span> <span class='ocrx_word' id='word_1_164' title='bbox 289 2125 334 2188; x_wconf 88' lang='lat' dir='ltr'><strong>qui</strong></span> <span class='ocrx_word' id='word_1_165' title='bbox 345 2126 476 2189; x_wconf 78' lang='lat' dir='ltr'><strong>Argiuam</strong></span> <span class='ocrx_word' id='word_1_166' title='bbox 495 2123 635 2188; x_wconf 75' lang='lat' dir='ltr'><strong>planitiem</strong></span> <span class='ocrx_word' id='word_1_167' title='bbox 654 2141 671 2174; x_wconf 89' lang='lat' dir='ltr'><strong>a</strong></span> <span class='ocrx_word' id='word_1_168' title='bbox 687 2140 728 2176; x_wconf 90' lang='lat' dir='ltr'><strong>se·</strong></span> 
     </span>
     <span class='ocr_line' id='line_1_21' title="bbox 185 2194 728 2260; baseline 0.004 -18"><span class='ocrx_word' id='word_1_169' title='bbox 185 2194 339 2258; x_wconf 85' lang='lat' dir='ltr'><strong>ptentrione</strong></span> <span class='ocrx_word' id='word_1_170' title='bbox 353 2195 473 2260; x_wconf 90' lang='lat' dir='ltr'><strong>cingunt,</strong></span> <span class='ocrx_word' id='word_1_171' title='bbox 486 2195 558 2243; x_wconf 86' lang='lat' dir='ltr'><strong>iutra</strong></span> <span class='ocrx_word' id='word_1_172' title='bbox 571 2196 647 2244; x_wconf 88' lang='lat' dir='ltr'><strong>vicos</strong></span> <span class='ocrx_word' id='word_1_173' title='bbox 656 2209 728 2244; x_wconf 89' lang='lat' dir='ltr'><strong>nunc</strong></span> 
     </span>
     <span class='ocr_line' id='line_1_22' title="bbox 184 2263 728 2329; baseline -0.002 -15"><span class='ocrx_word' id='word_1_174' title='bbox 184 2264 307 2314; x_wconf 82' lang='lat' dir='ltr'><strong>desertos</strong></span> <span class='ocrx_word' id='word_1_175' title='bbox 319 2263 410 2312; x_wconf 89' lang='lat' dir='ltr'><strong>Plesia</strong></span> <span class='ocrx_word' id='word_1_176' title='bbox 423 2269 450 2314; x_wconf 86' lang='lat' dir='ltr'><strong>et</strong></span> <span class='ocrx_word' id='word_1_177' title='bbox 460 2263 606 2327; x_wconf 80' lang='lat' dir='ltr'><strong>Braserlrc,</strong></span> <span class='ocrx_word' id='word_1_178' title='bbox 619 2270 728 2329; x_wconf 82' lang='lat' dir='ltr'><strong>septen-</strong></span> 
     </span>
     <span class='ocr_line' id='line_1_23' title="bbox 185 2333 726 2395; baseline 0 -13"><span class='ocrx_word' id='word_1_179' title='bbox 185 2333 300 2382; x_wconf 83' lang='lat' dir='ltr'><strong>trionem</strong></span> <span class='ocrx_word' id='word_1_180' title='bbox 310 2347 403 2382; x_wconf 84' lang='lat' dir='ltr'><strong>versus</strong></span> <span class='ocrx_word' id='word_1_181' title='bbox 413 2349 430 2382; x_wconf 90' lang='lat' dir='ltr'><strong>a</strong></span> <span class='ocrx_word' id='word_1_182' title='bbox 441 2334 501 2382; x_wconf 86' lang='lat' dir='ltr'><strong>vico</strong></span> <span class='ocrx_word' id='word_1_183' title='bbox 510 2333 642 2395; x_wconf 84' lang='lat' dir='ltr'><strong>Phenica,</strong></span> <span class='ocrx_word' id='word_1_184' title='bbox 657 2333 726 2383; x_wconf 85' lang='lat' dir='ltr'><strong>adeo</strong></span> 
     </span>
     <span class='ocr_line' id='line_1_24' title="bbox 186 2401 726 2468; baseline 0.002 -17"><span class='ocrx_word' id='word_1_185' title='bbox 186 2407 217 2452; x_wconf 88' lang='lat' dir='ltr'><strong>ut</strong></span> <span class='ocrx_word' id='word_1_186' title='bbox 230 2401 293 2452; x_wconf 87' lang='lat' dir='ltr'><strong>inde</strong></span> <span class='ocrx_word' id='word_1_187' title='bbox 307 2403 341 2452; x_wconf 86' lang='lat' dir='ltr'><strong>ab</strong></span> <span class='ocrx_word' id='word_1_188' title='bbox 357 2403 437 2467; x_wconf 80' lang='lat' dir='ltr'><strong>Argis</strong></span> <span class='ocrx_word' id='word_1_189' title='bbox 452 2401 496 2452; x_wconf 89' lang='lat' dir='ltr'><strong>hic</strong></span> <span class='ocrx_word' id='word_1_190' title='bbox 513 2402 589 2453; x_wconf 88' lang='lat' dir='ltr'><strong>locus</strong></span> <span class='ocrx_word' id='word_1_191' title='bbox 603 2403 726 2468; x_wconf 74' lang='lat' dir='ltr'><strong>conspici</strong></span> 
     </span>
     <span class='ocr_line' id='line_1_25' title="bbox 186 2471 727 2537; baseline 0 -15"><span class='ocrx_word' id='word_1_192' title='bbox 186 2473 295 2537; x_wconf 85' lang='lat' dir='ltr'><strong>possit,</strong></span> <span class='ocrx_word' id='word_1_193' title='bbox 330 2471 366 2521; x_wconf 90' lang='lat' dir='ltr'><strong>ad</strong></span> <span class='ocrx_word' id='word_1_194' title='bbox 396 2487 475 2536; x_wconf 90' lang='lat' dir='ltr'><strong>quern</strong></span> <span class='ocrx_word' id='word_1_195' title='bbox 502 2478 579 2522; x_wconf 86' lang='lat' dir='ltr'><strong>recta</strong></span> <span class='ocrx_word' id='word_1_196' title='bbox 606 2473 651 2524; x_wconf 85' lang='lat' dir='ltr'><strong>via</strong></span> <span class='ocrx_word' id='word_1_197' title='bbox 684 2489 727 2523; x_wconf 89' lang='lat' dir='ltr'><strong>sc·</strong></span> 
     </span>
     <span class='ocr_line' id='line_1_26' title="bbox 185 2539 727 2606; baseline -0.002 -15"><span class='ocrx_word' id='word_1_198' title='bbox 185 2543 367 2606; x_wconf 85' lang='lat' dir='ltr'><strong>ptentrionem</strong></span> <span class='ocrx_word' id='word_1_199' title='bbox 393 2557 488 2592; x_wconf 87' lang='lat' dir='ltr'><strong>versus</strong></span> <span class='ocrx_word' id='word_1_200' title='bbox 516 2541 601 2592; x_wconf 82' lang='lat' dir='ltr'><strong>ducit.</strong></span> <span class='ocrx_word' id='word_1_201' title='bbox 650 2539 727 2592; x_wconf 84' lang='lat' dir='ltr'><strong>Cleo-</strong></span> 
     </span>
     <span class='ocr_line' id='line_1_27' title="bbox 184 2609 726 2676; baseline 0 -16"><span class='ocrx_word' id='word_1_202' title='bbox 184 2625 276 2662; x_wconf 81' lang='lat' dir='ltr'>menes</span> <span class='ocrx_word' id='word_1_203' title='bbox 293 2612 377 2676; x_wconf 85' lang='lat' dir='ltr'><strong>igitur</strong></span> <span class='ocrx_word' id='word_1_204' title='bbox 398 2627 460 2661; x_wconf 92' lang='lat' dir='ltr'><strong>cum</strong></span> <span class='ocrx_word' id='word_1_205' title='bbox 479 2611 513 2661; x_wconf 89' lang='lat' dir='ltr'><strong>ab</strong></span> <span class='ocrx_word' id='word_1_206' title='bbox 528 2612 593 2676; x_wconf 85' lang='lat' dir='ltr'><strong>Argi</strong></span> <span class='ocrx_word' id='word_1_207' title='bbox 611 2609 673 2661; x_wconf 89' lang='lat' dir='ltr'><strong>luco</strong></span> <span class='ocrx_word' id='word_1_208' title='bbox 691 2611 726 2660; x_wconf 88' lang='lat' dir='ltr'><strong>ad</strong></span> 
     </span>
     <span class='ocr_line' id='line_1_28' title="bbox 184 2681 728 2744; baseline 0.004 -15"><span class='ocrx_word' id='word_1_209' title='bbox 184 2681 322 2731; x_wconf 84' lang='lat' dir='ltr'><strong>Heraeum</strong></span> <span class='ocrx_word' id='word_1_210' title='bbox 345 2681 482 2743; x_wconf 89' lang='lat' dir='ltr'><strong>tenderet,</strong></span> <span class='ocrx_word' id='word_1_211' title='bbox 514 2681 600 2744; x_wconf 82' lang='lat' dir='ltr'><strong>ipsam</strong></span> <span class='ocrx_word' id='word_1_212' title='bbox 624 2681 728 2744; x_wconf 88' lang='lat' dir='ltr'><strong>urbem,</strong></span> 
     </span>
     <span class='ocr_line' id='line_1_29' title="bbox 186 2751 727 2816; baseline 0.002 -17"><span class='ocrx_word' id='word_1_213' title='bbox 186 2764 266 2814; x_wconf 83' lang='lat' dir='ltr'><strong>quam</strong></span> <span class='ocrx_word' id='word_1_214' title='bbox 286 2754 404 2800; x_wconf 83' lang='lat' dir='ltr'><strong>insuam</strong></span> <span class='ocrx_word' id='word_1_215' title='bbox 423 2755 588 2815; x_wconf 77' lang='lat' dir='ltr'><strong>potestatem</strong></span> <span class='ocrx_word' id='word_1_216' title='bbox 602 2751 727 2816; x_wconf 79' lang='lat' dir='ltr'><strong>redigere</strong></span> 
     </span>
     <span class='ocr_line' id='line_1_30' title="bbox 185 2819 727 2884; baseline 0.004 -16"><span class='ocrx_word' id='word_1_217' title='bbox 185 2819 259 2870; x_wconf 87' lang='lat' dir='ltr'><strong>baud</strong></span> <span class='ocrx_word' id='word_1_218' title='bbox 285 2821 391 2884; x_wconf 87' lang='lat' dir='ltr'><strong>potnit,</strong></span> <span class='ocrx_word' id='word_1_219' title='bbox 425 2821 599 2884; x_wconf 71' lang='lat' dir='ltr'><strong>praeteriisse</strong></span> <span class='ocrx_word' id='word_1_220' title='bbox 630 2827 727 2884; x_wconf 89' lang='lat' dir='ltr'><strong>putan-</strong></span> 
     </span>
     <span class='ocr_line' id='line_1_31' title="bbox 185 2889 728 2954; baseline 0.002 -17"><span class='ocrx_word' id='word_1_221' title='bbox 185 2889 235 2938; x_wconf 92' lang='lat' dir='ltr'><strong>dus</strong></span> <span class='ocrx_word' id='word_1_222' title='bbox 253 2895 294 2939; x_wconf 84' lang='lat' dir='ltr'><strong>est</strong></span> <span class='ocrx_word' id='word_1_223' title='bbox 307 2890 454 2954; x_wconf 84' lang='lat' dir='ltr'><strong>eodemque</strong></span> <span class='ocrx_word' id='word_1_224' title='bbox 473 2891 584 2952; x_wconf 88' lang='lat' dir='ltr'><strong>itinere,</strong></span> <span class='ocrx_word' id='word_1_225' title='bbox 602 2905 654 2954; x_wconf 92' lang='lat' dir='ltr'><strong>quo</strong></span> <span class='ocrx_word' id='word_1_226' title='bbox 669 2905 728 2954; x_wconf 89' lang='lat' dir='ltr'><strong>pcr-</strong></span> 
     </span>
     <span class='ocr_line' id='line_1_32' title="bbox 183 2959 727 3024; baseline 0.006 -17"><span class='ocrx_word' id='word_1_227' title='bbox 183 2964 299 3008; x_wconf 84' lang='lat' dir='ltr'><strong>venerat</strong></span> <span class='ocrx_word' id='word_1_228' title='bbox 329 2974 483 3024; x_wconf 74' lang='lat' dir='ltr'><strong>regressus,</strong></span> <span class='ocrx_word' id='word_1_229' title='bbox 518 2959 643 3023; x_wconf 74' lang='lat' dir='ltr'><strong>Spartam</strong></span> <span class='ocrx_word' id='word_1_230' title='bbox 672 2961 727 3010; x_wconf 88' lang='lat' dir='ltr'><strong>dis-</strong></span> 
     </span>
     <span class='ocr_line' id='line_1_33' title="bbox 187 3029 280 3078; baseline 0 0"><span class='ocrx_word' id='word_1_231' title='bbox 187 3029 280 3078; x_wconf 80' lang='lat' dir='ltr'><strong>cessit.</strong></span> 
     </span>
    </p>
   </div>
   <div class='ocr_carea' id='block_1_7' title="bbox 183 3158 729 4412">
    <p class='ocr_par' dir='ltr' id='par_1_7' title="bbox 183 3158 729 4412">
     <span class='ocr_line' id='line_1_34' title="bbox 221 3158 728 3228; baseline 0.002 -14"><span class='ocrx_word' id='word_1_232' title='bbox 221 3158 327 3228; x_wconf 80' lang='grc' dir='ltr'><strong>ὁὲρεύς</strong></span> <span class='ocrx_word' id='word_1_233' title='bbox 340 3159 498 3228; x_wconf 71' lang='grc' dir='ltr'><strong><em>ἀπηγόρευε</em></strong></span> <span class='ocrx_word' id='word_1_234' title='bbox 514 3179 538 3215; x_wconf 84' lang='grc' dir='ltr'><strong>κ.</strong></span> <span class='ocrx_word' id='word_1_235' title='bbox 553 3179 577 3213; x_wconf 90' lang='grc' dir='ltr'><strong>τ.</strong></span> <span class='ocrx_word' id='word_1_236' title='bbox 591 3161 627 3228; x_wconf 84' lang='grc'><strong>1.]</strong></span> <span class='ocrx_word' id='word_1_237' title='bbox 647 3163 728 3215; x_wconf 75' lang='lat' dir='ltr'><strong>Cous.</strong></span> 
     </span>
     <span class='ocr_line' id='line_1_35' title="bbox 183 3233 727 3300; baseline -0.006 -15"><span class='ocrx_word' id='word_1_238' title='bbox 183 3235 304 3286; x_wconf 89' lang='lat' dir='ltr'><strong>Lobeck.</strong></span> <span class='ocrx_word' id='word_1_239' title='bbox 318 3234 495 3300; x_wconf 78' lang='lat' dir='ltr'><strong>Aglaoplram.</strong></span> <span class='ocrx_word' id='word_1_240' title='bbox 510 3249 536 3298; x_wconf 93' lang='lat' dir='ltr'><strong>p.</strong></span> <span class='ocrx_word' id='word_1_241' title='bbox 548 3235 614 3294; x_wconf 71' lang='lat'><strong>272,</strong></span> <span class='ocrx_word' id='word_1_242' title='bbox 632 3233 679 3282; x_wconf 89' lang='lat' dir='ltr'><strong>nbi</strong></span> <span class='ocrx_word' id='word_1_243' title='bbox 692 3233 727 3283; x_wconf 83' lang='lat' dir='ltr'><strong>ri·</strong></span> 
     </span>
     <span class='ocr_line' id='line_1_36' title="bbox 185 3302 727 3370; baseline -0.004 -16"><span class='ocrx_word' id='word_1_244' title='bbox 185 3305 261 3354; x_wconf 84' lang='lat' dir='ltr'><strong>milie</strong></span> <span class='ocrx_word' id='word_1_245' title='bbox 275 3306 408 3370; x_wconf 85' lang='lat' dir='ltr'><strong>quaedam</strong></span> <span class='ocrx_word' id='word_1_246' title='bbox 422 3305 570 3354; x_wconf 78' lang='lat' dir='ltr'><strong>afferuntur</strong></span> <span class='ocrx_word' id='word_1_247' title='bbox 583 3317 597 3350; x_wconf 89' lang='lat' dir='ltr'><strong>e</strong></span> <span class='ocrx_word' id='word_1_248' title='bbox 610 3302 727 3352; x_wconf 85' lang='lat' dir='ltr'><strong>Graeco·</strong></span> 
     </span>
     <span class='ocr_line' id='line_1_37' title="bbox 185 3372 726 3440; baseline -0.006 -16"><span class='ocrx_word' id='word_1_249' title='bbox 185 3389 244 3423; x_wconf 88' lang='lat' dir='ltr'><strong>rum</strong></span> <span class='ocrx_word' id='word_1_250' title='bbox 255 3375 431 3440; x_wconf 84' lang='lat' dir='ltr'><strong>religionibus</strong></span> <span class='ocrx_word' id='word_1_251' title='bbox 444 3379 471 3423; x_wconf 86' lang='lat' dir='ltr'><strong>et</strong></span> <span class='ocrx_word' id='word_1_252' title='bbox 481 3372 577 3431; x_wconf 84' lang='lat' dir='ltr'><strong>sacris,</strong></span> <span class='ocrx_word' id='word_1_253' title='bbox 587 3387 657 3435; x_wconf 74' lang='lat' dir='ltr'><strong>&lt;puae</strong></span> <span class='ocrx_word' id='word_1_254' title='bbox 667 3387 726 3421; x_wconf 92' lang='lat' dir='ltr'><strong>cum</strong></span> 
     </span>
     <span class='ocr_line' id='line_1_38' title="bbox 185 3440 728 3509; baseline -0.004 -17"><span class='ocrx_word' id='word_1_255' title='bbox 185 3444 347 3509; x_wconf 80' lang='lat' dir='ltr'><strong>alienigenis</strong></span> <span class='ocrx_word' id='word_1_256' title='bbox 368 3442 562 3494; x_wconf 86' lang='lat' dir='ltr'><strong>communicari</strong></span> <span class='ocrx_word' id='word_1_257' title='bbox 582 3440 658 3490; x_wconf 83' lang='lat' dir='ltr'><strong>nelca</strong></span> <span class='ocrx_word' id='word_1_258' title='bbox 682 3441 728 3490; x_wconf 87' lang='lat' dir='ltr'><strong>ba·</strong></span> 
     </span>
     <span class='ocr_line' id='line_1_39' title="bbox 185 3511 728 3574; baseline -0.004 -12"><span class='ocrx_word' id='word_1_259' title='bbox 185 3513 295 3562; x_wconf 87' lang='lat' dir='ltr'><strong>bebant.</strong></span> <span class='ocrx_word' id='word_1_260' title='bbox 321 3513 496 3564; x_wconf 72' lang='lat' dir='ltr'><strong>Sacerdotem</strong></span> <span class='ocrx_word' id='word_1_261' title='bbox 507 3527 571 3562; x_wconf 88' lang='lat' dir='ltr'><strong>vero</strong></span> <span class='ocrx_word' id='word_1_262' title='bbox 585 3511 657 3574; x_wconf 91' lang='lat' dir='ltr'><strong>quod</strong></span> <span class='ocrx_word' id='word_1_263' title='bbox 669 3526 728 3561; x_wconf 89' lang='lat' dir='ltr'><strong>ver-</strong></span> 
     </span>
     <span class='ocr_line' id='line_1_40' title="bbox 186 3580 728 3640; baseline -0.006 -8"><span class='ocrx_word' id='word_1_264' title='bbox 186 3583 296 3634; x_wconf 87' lang='lat' dir='ltr'><strong>beribus</strong></span> <span class='ocrx_word' id='word_1_265' title='bbox 315 3583 388 3634; x_wconf 87' lang='lat' dir='ltr'><strong>uilici</strong></span> <span class='ocrx_word' id='word_1_266' title='bbox 407 3583 490 3633; x_wconf 86' lang='lat' dir='ltr'><strong>iussit</strong></span> <span class='ocrx_word' id='word_1_267' title='bbox 509 3581 679 3640; x_wconf 85' lang='lat' dir='ltr'><strong>Cleomenes,</strong></span> <span class='ocrx_word' id='word_1_268' title='bbox 700 3580 728 3629; x_wconf 94' lang='lat' dir='ltr'><strong>id</strong></span> 
     </span>
     <span class='ocr_line' id='line_1_41' title="bbox 187 3651 727 3718; baseline -0.006 -16"><span class='ocrx_word' id='word_1_269' title='bbox 187 3667 219 3702; x_wconf 89' lang='lat' dir='ltr'><strong>eo</strong></span> <span class='ocrx_word' id='word_1_270' title='bbox 234 3655 346 3718; x_wconf 80' lang='lat' dir='ltr'><strong>gravius</strong></span> <span class='ocrx_word' id='word_1_271' title='bbox 364 3653 451 3704; x_wconf 85' lang='lat' dir='ltr'><strong>videri</strong></span> <span class='ocrx_word' id='word_1_272' title='bbox 472 3651 580 3712; x_wconf 85' lang='lat' dir='ltr'><strong>debuit,</strong></span> <span class='ocrx_word' id='word_1_273' title='bbox 606 3665 666 3700; x_wconf 90' lang='lat' dir='ltr'><strong>cum</strong></span> <span class='ocrx_word' id='word_1_274' title='bbox 683 3665 727 3700; x_wconf 86' lang='lat' dir='ltr'><strong>sa-</strong></span> 
     </span>
     <span class='ocr_line' id='line_1_42' title="bbox 185 3719 729 3784; baseline -0.006 -14"><span class='ocrx_word' id='word_1_275' title='bbox 185 3721 308 3773; x_wconf 89' lang='lat' dir='ltr'><strong>cerdotes</strong></span> <span class='ocrx_word' id='word_1_276' title='bbox 330 3723 440 3772; x_wconf 88' lang='lat' dir='ltr'><strong>deorum</strong></span> <span class='ocrx_word' id='word_1_277' title='bbox 460 3721 576 3770; x_wconf 85' lang='lat' dir='ltr'><strong>ministri</strong></span> <span class='ocrx_word' id='word_1_278' title='bbox 599 3725 627 3770; x_wconf 90' lang='lat' dir='ltr'><strong>et</strong></span> <span class='ocrx_word' id='word_1_279' title='bbox 650 3719 729 3784; x_wconf 89' lang='lat' dir='ltr'><strong>quasi</strong></span> 
     </span>
     <span class='ocr_line' id='line_1_43' title="bbox 184 3789 729 3856; baseline -0.002 -16"><span class='ocrx_word' id='word_1_280' title='bbox 184 3792 283 3842; x_wconf 82' lang='lat' dir='ltr'><strong>vicarii</strong></span> <span class='ocrx_word' id='word_1_281' title='bbox 301 3791 417 3856; x_wconf 79' lang='lat' dir='ltr'><strong>indeque</strong></span> <span class='ocrx_word' id='word_1_282' title='bbox 441 3806 519 3840; x_wconf 85' lang='lat' dir='ltr'><strong>sacro</strong></span> <span class='ocrx_word' id='word_1_283' title='bbox 539 3789 627 3840; x_wconf 88' lang='lat' dir='ltr'><strong>sancti</strong></span> <span class='ocrx_word' id='word_1_284' title='bbox 646 3789 729 3839; x_wconf 85' lang='lat' dir='ltr'><strong>babe-</strong></span> 
     </span>
     <span class='ocr_line' id='line_1_44' title="bbox 186 3857 727 3922; baseline -0.004 -12"><span class='ocrx_word' id='word_1_285' title='bbox 186 3865 292 3922; x_wconf 90' lang='lat' dir='ltr'><strong>reutnr,</strong></span> <span class='ocrx_word' id='word_1_286' title='bbox 315 3861 388 3911; x_wconf 93' lang='lat' dir='ltr'><strong>nullo</strong></span> <span class='ocrx_word' id='word_1_287' title='bbox 406 3861 484 3910; x_wconf 93' lang='lat' dir='ltr'><strong>modo</strong></span> <span class='ocrx_word' id='word_1_288' title='bbox 500 3857 633 3920; x_wconf 81' lang='lat' dir='ltr'><strong>violandi,</strong></span> <span class='ocrx_word' id='word_1_289' title='bbox 658 3859 727 3908; x_wconf 89' lang='lat' dir='ltr'><strong>adco</strong></span> 
     </span>
     <span class='ocr_line' id='line_1_45' title="bbox 185 3927 729 3996; baseline -0.009 -16"><span class='ocrx_word' id='word_1_290' title='bbox 185 3935 217 3980; x_wconf 84' lang='lat' dir='ltr'><strong>ut</strong></span> <span class='ocrx_word' id='word_1_291' title='bbox 230 3935 286 3980; x_wconf 81' lang='lat' dir='ltr'><strong>iem</strong></span> <span class='ocrx_word' id='word_1_292' title='bbox 300 3931 379 3996; x_wconf 81' lang='lat' dir='ltr'><strong>gravi</strong></span> <span class='ocrx_word' id='word_1_293' title='bbox 392 3930 492 3980; x_wconf 90' lang='lat' dir='ltr'><strong>iniuria</strong></span> <span class='ocrx_word' id='word_1_294' title='bbox 502 3928 670 3980; x_wconf 76' lang='lat' dir='ltr'><strong>sarcerdotem</strong></span> <span class='ocrx_word' id='word_1_295' title='bbox 688 3927 729 3976; x_wconf 84' lang='lat' dir='ltr'><strong>ns-</strong></span> 
     </span>
     <span class='ocr_line' id='line_1_46' title="bbox 184 3997 727 4066; baseline -0.002 -17"><span class='ocrx_word' id='word_1_296' title='bbox 184 3997 264 4051; x_wconf 79' lang='lat' dir='ltr'><strong>ficere</strong></span> <span class='ocrx_word' id='word_1_297' title='bbox 280 4015 395 4066; x_wconf 85' lang='lat' dir='ltr'><strong>eumque</strong></span> <span class='ocrx_word' id='word_1_298' title='bbox 412 3998 570 4050; x_wconf 82' lang='lat' dir='ltr'><strong>verberibus</strong></span> <span class='ocrx_word' id='word_1_299' title='bbox 591 3999 727 4062; x_wconf 77' lang='lat' dir='ltr'><strong>castigarc</strong></span> 
     </span>
     <span class='ocr_line' id='line_1_47' title="bbox 186 4067 728 4120; baseline -0.009 0"><span class='ocrx_word' id='word_1_300' title='bbox 186 4083 317 4120; x_wconf 87' lang='lat' dir='ltr'><strong>summum</strong></span> <span class='ocrx_word' id='word_1_301' title='bbox 339 4069 417 4120; x_wconf 83' lang='lat' dir='ltr'><strong>nefas</strong></span> <span class='ocrx_word' id='word_1_302' title='bbox 436 4070 594 4120; x_wconf 85' lang='lat' dir='ltr'><strong>duceretur:</strong></span> <span class='ocrx_word' id='word_1_303' title='bbox 618 4067 675 4116; x_wconf 83' lang='lat' dir='ltr'><strong>vid.</strong></span> <span class='ocrx_word' id='word_1_304' title='bbox 690 4067 728 4116; x_wconf 87' lang='lat' dir='ltr'><strong>al-</strong></span> 
     </span>
     <span class='ocr_line' id='line_1_48' title="bbox 185 4135 727 4190; baseline -0.002 -3"><span class='ocrx_word' id='word_1_305' title='bbox 185 4137 242 4188; x_wconf 82' lang='lat' dir='ltr'><strong>lata</strong></span> <span class='ocrx_word' id='word_1_306' title='bbox 252 4155 268 4188; x_wconf 89' lang='lat' dir='ltr'><strong>a</strong></span> <span class='ocrx_word' id='word_1_307' title='bbox 276 4139 304 4190; x_wconf 82' lang='lat' dir='ltr'><strong>O.</strong></span> <span class='ocrx_word' id='word_1_308' title='bbox 311 4141 340 4190; x_wconf 78' lang='lat' dir='ltr'><strong>F.</strong></span> <span class='ocrx_word' id='word_1_309' title='bbox 348 4139 512 4190; x_wconf 79' lang='lat' dir='ltr'><strong>Hermanno:</strong></span> <span class='ocrx_word' id='word_1_310' title='bbox 521 4135 727 4189; x_wconf 84' lang='lat' dir='ltr'><strong>Gottesdienstl.</strong></span> 
     </span>
     <span class='ocr_line' id='line_1_49' title="bbox 185 4207 729 4273; baseline -0.002 -16"><span class='ocrx_word' id='word_1_311' title='bbox 185 4207 302 4260; x_wconf 79' lang='lat' dir='ltr'><strong>Alterth.</strong></span> <span class='ocrx_word' id='word_1_312' title='bbox 321 4213 345 4271; x_wconf 65' lang='grc' dir='ltr'><strong>ξ.</strong></span> <span class='ocrx_word' id='word_1_313' title='bbox 363 4209 405 4260; x_wconf 83' lang='grc'><strong>35.</strong></span> <span class='ocrx_word' id='word_1_314' title='bbox 421 4213 476 4260; x_wconf 89' lang='lat' dir='ltr'><strong>not.</strong></span> <span class='ocrx_word' id='word_1_315' title='bbox 494 4211 510 4258; x_wconf 85' lang='lat'>2</span> <span class='ocrx_word' id='word_1_316' title='bbox 528 4223 604 4273; x_wconf 81' lang='lat' dir='ltr'><strong>seqq.</strong></span> <span class='ocrx_word' id='word_1_317' title='bbox 625 4207 729 4272; x_wconf 87' lang='lat' dir='ltr'><strong>praeci-</strong></span> 
     </span>
     <span class='ocr_line' id='line_1_50' title="bbox 185 4277 727 4344; baseline -0.007 -15"><span class='ocrx_word' id='word_1_318' title='bbox 185 4291 238 4342; x_wconf 88' lang='lat' dir='ltr'><strong>pue</strong></span> <span class='ocrx_word' id='word_1_319' title='bbox 252 4283 307 4329; x_wconf 82' lang='grc' dir='ltr'><strong><em>πολ.</em></strong></span> <span class='ocrx_word' id='word_1_320' title='bbox 319 4279 345 4329; x_wconf 84' lang='lat' dir='ltr'><strong>li.</strong></span> <span class='ocrx_word' id='word_1_321' title='bbox 358 4305 390 4315; x_wconf 82' lang='lat'><strong>-</strong></span> <span class='ocrx_word' id='word_1_322' title='bbox 401 4280 442 4330; x_wconf 90' lang='lat' dir='ltr'><strong>De</strong></span> <span class='ocrx_word' id='word_1_323' title='bbox 452 4277 554 4344; x_wconf 89' lang='lat' dir='ltr'><strong>duplici</strong></span> <span class='ocrx_word' id='word_1_324' title='bbox 567 4277 727 4328; x_wconf 78' lang='lat' dir='ltr'><strong>accusativo</strong></span> 
     </span>
     <span class='ocr_line' id='line_1_51' title="bbox 187 4337 728 4412; baseline -0.006 -16"><span class='ocrx_word' id='word_1_325' title='bbox 187 4339 250 4412; x_wconf 79' lang='grc' dir='ltr'><strong>(τὸν</strong></span> <span class='ocrx_word' id='word_1_326' title='bbox 270 4340 332 4412; x_wconf 81' lang='grc' dir='ltr'><strong><em>ἱρέα</em></strong></span> <span class='ocrx_word' id='word_1_327' title='bbox 354 4337 459 4396; x_wconf 72' lang='grc' dir='ltr'><strong><em>ἐκέλευε</em></strong></span> <span class='ocrx_word' id='word_1_328' title='bbox 477 4341 555 4404; x_wconf 81' lang='grc' dir='ltr'><strong><em>τοὺς.</em></strong></span> <span class='ocrx_word' id='word_1_329' title='bbox 564 4343 680 4404; x_wconf 84' lang='grc' dir='ltr'><strong><em>εΐλωτας</em></strong></span> <span class='ocrx_word' id='word_1_330' title='bbox 696 4373 728 4382; x_wconf 90' lang='grc'>-</span> 
     </span>
    </p>
   </div>
   <div class='ocr_carea' id='block_1_8' title="bbox 221 4451 457 4495">
    <p class='ocr_par' dir='ltr' id='par_1_8' title="bbox 221 4451 457 4495">
     <span class='ocr_line' id='line_1_52' title="bbox 221 4451 457 4495; baseline 0.004 -2"><span class='ocrx_word' id='word_1_331' title='bbox 221 4451 388 4495; x_wconf 76' lang='grc' dir='ltr'><strong>ΗΒΒΟΒΟΤ.</strong></span> <span class='ocrx_word' id='word_1_332' title='bbox 409 4451 457 4494; x_wconf 88' lang='lat'><strong>111.</strong></span> 
     </span>
    </p>
   </div>
   <div class='ocr_carea' id='block_1_9' title="bbox 773 2080 1320 3810">
    <p class='ocr_par' dir='ltr' id='par_1_9' title="bbox 773 2080 1320 3810">
     <span class='ocr_line' id='line_1_53' title="bbox 778 2080 1319 2221; baseline 0 -13"><span class='ocrx_word' id='word_1_333' title='bbox 778 2080 1319 2221; x_wconf 64' lang='lat' dir='ltr'><strong>tulit:alru²2ltlftt⁰¹²i50l</strong></span> 
     </span>
     <span class='ocr_line' id='line_1_54' title="bbox 777 2226 1320 2294; baseline -0.006 -16"><span class='ocrx_word' id='word_1_334' title='bbox 777 2229 813 2278; x_wconf 84' lang='lat' dir='ltr'><strong>ad</strong></span> <span class='ocrx_word' id='word_1_335' title='bbox 827 2233 1030 2294; x_wconf 84' lang='lat' dir='ltr'><strong>argumentum,</strong></span> <span class='ocrx_word' id='word_1_336' title='bbox 1055 2228 1123 2277; x_wconf 84' lang='lat' dir='ltr'><strong>bene</strong></span> <span class='ocrx_word' id='word_1_337' title='bbox 1137 2226 1200 2276; x_wconf 87' lang='lat' dir='ltr'><strong>binc</strong></span> <span class='ocrx_word' id='word_1_338' title='bbox 1219 2227 1320 2277; x_wconf 89' lang='lat' dir='ltr'><strong>intelli-</strong></span> 
     </span>
     <span class='ocr_line' id='line_1_55' title="bbox 778 2297 1319 2364; baseline -0.006 -16"><span class='ocrx_word' id='word_1_339' title='bbox 778 2301 866 2364; x_wconf 90' lang='lat' dir='ltr'><strong>gitur,</strong></span> <span class='ocrx_word' id='word_1_340' title='bbox 887 2297 975 2364; x_wconf 84' lang='lat' dir='ltr'><strong>quulis</strong></span> <span class='ocrx_word' id='word_1_341' title='bbox 995 2299 1047 2346; x_wconf 88' lang='lat' dir='ltr'><strong>iam</strong></span> <span class='ocrx_word' id='word_1_342' title='bbox 1065 2297 1217 2346; x_wconf 86' lang='lat' dir='ltr'><strong>illaaetate</strong></span> <span class='ocrx_word' id='word_1_343' title='bbox 1236 2297 1319 2348; x_wconf 81' lang='lat' dir='ltr'><strong>luerit</strong></span> 
     </span>
     <span class='ocr_line' id='line_1_56' title="bbox 778 2366 1319 2434; baseline -0.004 -16"><span class='ocrx_word' id='word_1_344' title='bbox 778 2367 947 2434; x_wconf 82' lang='lat' dir='ltr'><strong>Ephororum</strong></span> <span class='ocrx_word' id='word_1_345' title='bbox 960 2371 1083 2431; x_wconf 78' lang='lat' dir='ltr'><strong>potestus</strong></span> <span class='ocrx_word' id='word_1_346' title='bbox 1095 2367 1124 2415; x_wconf 92' lang='lat' dir='ltr'><strong>in</strong></span> <span class='ocrx_word' id='word_1_347' title='bbox 1136 2366 1216 2416; x_wconf 88' lang='lat' dir='ltr'><strong>rebus</strong></span> <span class='ocrx_word' id='word_1_348' title='bbox 1230 2367 1319 2431; x_wconf 91' lang='lat' dir='ltr'><strong>publi-</strong></span> 
     </span>
     <span class='ocr_line' id='line_1_57' title="bbox 778 2435 1318 2502; baseline -0.004 -14"><span class='ocrx_word' id='word_1_349' title='bbox 778 2437 1037 2502; x_wconf 82' lang='lat' dir='ltr'><strong>cisSpurtanorum,</strong></span> <span class='ocrx_word' id='word_1_350' title='bbox 1052 2436 1195 2500; x_wconf 86' lang='lat' dir='ltr'><strong>postmodo</strong></span> <span class='ocrx_word' id='word_1_351' title='bbox 1211 2435 1318 2486; x_wconf 76' lang='lat' dir='ltr'><strong>velina-</strong></span> 
     </span>
     <span class='ocr_line' id='line_1_58' title="bbox 777 2506 1319 2574; baseline -0.007 -17"><span class='ocrx_word' id='word_1_352' title='bbox 777 2508 819 2574; x_wconf 83' lang='lat' dir='ltr'><strong>gis</strong></span> <span class='ocrx_word' id='word_1_353' title='bbox 838 2513 934 2571; x_wconf 86' lang='lat' dir='ltr'><strong>aucta,</strong></span> <span class='ocrx_word' id='word_1_354' title='bbox 953 2511 984 2556; x_wconf 87' lang='lat' dir='ltr'><strong>ut</strong></span> <span class='ocrx_word' id='word_1_355' title='bbox 1004 2507 1052 2572; x_wconf 92' lang='lat' dir='ltr'><strong>qui</strong></span> <span class='ocrx_word' id='word_1_356' title='bbox 1069 2506 1143 2570; x_wconf 89' lang='lat' dir='ltr'><strong>ipsos</strong></span> <span class='ocrx_word' id='word_1_357' title='bbox 1163 2521 1240 2570; x_wconf 82' lang='lat' dir='ltr'><strong>reges</strong></span> <span class='ocrx_word' id='word_1_358' title='bbox 1255 2511 1319 2556; x_wconf 86' lang='lat' dir='ltr'><strong>aute</strong></span> 
     </span>
     <span class='ocr_line' id='line_1_59' title="bbox 778 2575 1320 2640; baseline -0.004 -14"><span class='ocrx_word' id='word_1_359' title='bbox 778 2575 898 2626; x_wconf 90' lang='lat' dir='ltr'><strong>tribunal</strong></span> <span class='ocrx_word' id='word_1_360' title='bbox 915 2591 993 2626; x_wconf 86' lang='lat' dir='ltr'><strong>suum</strong></span> <span class='ocrx_word' id='word_1_361' title='bbox 1012 2590 1113 2626; x_wconf 83' lang='lat' dir='ltr'><strong>vocare</strong></span> <span class='ocrx_word' id='word_1_362' title='bbox 1129 2589 1229 2640; x_wconf 83' lang='lat' dir='ltr'><strong>eosque</strong></span> <span class='ocrx_word' id='word_1_363' title='bbox 1249 2591 1320 2626; x_wconf 90' lang='lat' dir='ltr'><strong>com·</strong></span> 
     </span>
     <span class='ocr_line' id='line_1_60' title="bbox 778 2643 1319 2711; baseline -0.004 -16"><span class='ocrx_word' id='word_1_364' title='bbox 778 2646 943 2711; x_wconf 89' lang='lat' dir='ltr'><strong>prehendere</strong></span> <span class='ocrx_word' id='word_1_365' title='bbox 963 2650 990 2695; x_wconf 89' lang='lat' dir='ltr'><strong>ct</strong></span> <span class='ocrx_word' id='word_1_366' title='bbox 1009 2645 1181 2696; x_wconf 87' lang='lat' dir='ltr'><strong>senatoribus</strong></span> <span class='ocrx_word' id='word_1_367' title='bbox 1199 2645 1234 2693; x_wconf 83' lang='lat' dir='ltr'><strong>cd</strong></span> <span class='ocrx_word' id='word_1_368' title='bbox 1249 2643 1319 2695; x_wconf 88' lang='lat' dir='ltr'><strong>sole-</strong></span> 
     </span>
     <span class='ocr_line' id='line_1_61' title="bbox 778 2713 1320 2766; baseline 0 -2"><span class='ocrx_word' id='word_1_369' title='bbox 778 2732 838 2766; x_wconf 91' lang='lat' dir='ltr'><strong>mne</strong></span> <span class='ocrx_word' id='word_1_370' title='bbox 858 2715 988 2766; x_wconf 87' lang='lat' dir='ltr'><strong>iudicium</strong></span> <span class='ocrx_word' id='word_1_371' title='bbox 1008 2713 1123 2764; x_wconf 84' lang='lat' dir='ltr'><strong>adscitis</strong></span> <span class='ocrx_word' id='word_1_372' title='bbox 1138 2713 1320 2764; x_wconf 87' lang='lat' dir='ltr'><strong>condemnare</strong></span> 
     </span>
     <span class='ocr_line' id='line_1_62' title="bbox 779 2782 1319 2850; baseline -0.004 -15"><span class='ocrx_word' id='word_1_373' title='bbox 779 2787 926 2850; x_wconf 89' lang='lat' dir='ltr'><strong>potuerint.</strong></span> <span class='ocrx_word' id='word_1_374' title='bbox 961 2784 1045 2834; x_wconf 89' lang='lat' dir='ltr'><strong>Plura</strong></span> <span class='ocrx_word' id='word_1_375' title='bbox 1063 2783 1115 2835; x_wconf 87' lang='lat' dir='ltr'><strong>huc</strong></span> <span class='ocrx_word' id='word_1_376' title='bbox 1138 2782 1171 2833; x_wconf 91' lang='lat' dir='ltr'><strong>de</strong></span> <span class='ocrx_word' id='word_1_377' title='bbox 1190 2798 1219 2832; x_wconf 88' lang='lat' dir='ltr'><strong>re</strong></span> <span class='ocrx_word' id='word_1_378' title='bbox 1237 2782 1267 2834; x_wconf 81' lang='lat' dir='ltr'><strong>C.</strong></span> <span class='ocrx_word' id='word_1_379' title='bbox 1287 2783 1319 2834; x_wconf 94' lang='lat'><strong>0.</strong></span> 
     </span>
     <span class='ocr_line' id='line_1_63' title="bbox 779 2851 1319 2918; baseline -0.007 -13"><span class='ocrx_word' id='word_1_380' title='bbox 779 2855 907 2906; x_wconf 83' lang='lat' dir='ltr'><strong>Mueller:</strong></span> <span class='ocrx_word' id='word_1_381' title='bbox 927 2856 994 2905; x_wconf 89' lang='lat' dir='ltr'><strong>Dor.</strong></span> <span class='ocrx_word' id='word_1_382' title='bbox 1009 2854 1048 2903; x_wconf 91' lang='lat'><strong>11.</strong></span> <span class='ocrx_word' id='word_1_383' title='bbox 1070 2870 1096 2918; x_wconf 91' lang='lat' dir='ltr'><strong>p.</strong></span> <span class='ocrx_word' id='word_1_384' title='bbox 1121 2851 1184 2914; x_wconf 86' lang='grc'><strong><em>118,</em></strong></span> <span class='ocrx_word' id='word_1_385' title='bbox 1205 2851 1319 2903; x_wconf 87' lang='lat' dir='ltr'><strong>Wacba·</strong></span> 
     </span>
     <span class='ocr_line' id='line_1_64' title="bbox 779 2922 1319 2988; baseline -0.004 -14"><span class='ocrx_word' id='word_1_386' title='bbox 779 2924 867 2974; x_wconf 88' lang='lat' dir='ltr'><strong>muth:</strong></span> <span class='ocrx_word' id='word_1_387' title='bbox 887 2923 992 2973; x_wconf 88' lang='lat' dir='ltr'><strong>Hellen.</strong></span> <span class='ocrx_word' id='word_1_388' title='bbox 1006 2922 1202 2973; x_wconf 82' lang='lat' dir='ltr'><strong>Altertbnmsk.</strong></span> <span class='ocrx_word' id='word_1_389' title='bbox 1218 2923 1238 2972; x_wconf 94' lang='lat'><strong>1.</strong></span> <span class='ocrx_word' id='word_1_390' title='bbox 1256 2937 1319 2988; x_wconf 84' lang='lat' dir='ltr'><strong>pag.</strong></span> 
     </span>
     <span class='ocr_line' id='line_1_65' title="bbox 779 2991 1317 3054; baseline -0.006 -11"><span class='ocrx_word' id='word_1_391' title='bbox 779 2995 838 3044; x_wconf 82' lang='lat' dir='ltr'><strong>ltili.</strong></span> <span class='ocrx_word' id='word_1_392' title='bbox 852 2994 899 3044; x_wconf 81' lang='lat' dir='ltr'><strong>out</strong></span> <span class='ocrx_word' id='word_1_393' title='bbox 912 3031 919 3054; x_wconf 93' lang='lat'><strong>,</strong></span> <span class='ocrx_word' id='word_1_394' title='bbox 934 2992 963 3046; x_wconf 78' lang='grc' dir='ltr'><strong>Ο,</strong></span> <span class='ocrx_word' id='word_1_395' title='bbox 980 2995 1011 3042; x_wconf 79' lang='lat' dir='ltr'><strong>l&#39;.</strong></span> <span class='ocrx_word' id='word_1_396' title='bbox 1028 2992 1179 3041; x_wconf 88' lang='lat' dir='ltr'><strong>llermuun:</strong></span> <span class='ocrx_word' id='word_1_397' title='bbox 1209 2991 1317 3042; x_wconf 87' lang='lat' dir='ltr'><strong>Grieelr.</strong></span> 
     </span>
     <span class='ocr_line' id='line_1_66' title="bbox 779 3061 1319 3124; baseline -0.007 -10"><span class='ocrx_word' id='word_1_398' title='bbox 779 3063 984 3114; x_wconf 84' lang='lat' dir='ltr'><strong>Staatseltertlr.</strong></span> <span class='ocrx_word' id='word_1_399' title='bbox 1005 3065 1029 3123; x_wconf 72' lang='lat'><strong>§-</strong></span> <span class='ocrx_word' id='word_1_400' title='bbox 1048 3063 1091 3113; x_wconf 79' lang='lat' dir='ltr'><strong>ll.</strong></span> <span class='ocrx_word' id='word_1_401' title='bbox 1112 3065 1169 3112; x_wconf 85' lang='lat' dir='ltr'><strong>not.</strong></span> <span class='ocrx_word' id='word_1_402' title='bbox 1182 3061 1211 3124; x_wconf 85' lang='grc'><strong>6,</strong></span> <span class='ocrx_word' id='word_1_403' title='bbox 1232 3061 1319 3112; x_wconf 84' lang='lat' dir='ltr'><strong>Lach-</strong></span> 
     </span>
     <span class='ocr_line' id='line_1_67' title="bbox 780 3129 1318 3197; baseline -0.007 -15"><span class='ocrx_word' id='word_1_404' title='bbox 780 3149 875 3182; x_wconf 88' lang='lat' dir='ltr'><strong>mann:</strong></span> <span class='ocrx_word' id='word_1_405' title='bbox 888 3133 1017 3197; x_wconf 81' lang='lat' dir='ltr'><strong>Spartan.</strong></span> <span class='ocrx_word' id='word_1_406' title='bbox 1030 3129 1241 3182; x_wconf 83' lang='lat' dir='ltr'><strong>Staatsveri&#39;uss.</strong></span> <span class='ocrx_word' id='word_1_407' title='bbox 1254 3147 1318 3196; x_wconf 77' lang='lat' dir='ltr'><strong>pag.</strong></span> 
     </span>
     <span class='ocr_line' id='line_1_68' title="bbox 779 3199 1317 3266; baseline 0.002 -15"><span class='ocrx_word' id='word_1_408' title='bbox 779 3203 830 3251; x_wconf 74' lang='lat' dir='ltr'><strong>ulo</strong></span> <span class='ocrx_word' id='word_1_409' title='bbox 848 3218 922 3266; x_wconf 76' lang='lat' dir='ltr'><strong>serp,</strong></span> <span class='ocrx_word' id='word_1_410' title='bbox 942 3199 1065 3252; x_wconf 75' lang='lat' dir='ltr'><strong>Gabriel:</strong></span> <span class='ocrx_word' id='word_1_411' title='bbox 1092 3201 1132 3248; x_wconf 91' lang='lat' dir='ltr'><strong>Dc</strong></span> <span class='ocrx_word' id='word_1_412' title='bbox 1152 3200 1317 3265; x_wconf 79' lang='lat' dir='ltr'><strong>magistrati.</strong></span> 
     </span>
     <span class='ocr_line' id='line_1_69' title="bbox 779 3267 1320 3333; baseline -0.007 -12"><span class='ocrx_word' id='word_1_413' title='bbox 779 3271 974 3321; x_wconf 76' lang='lat' dir='ltr'><strong>Lacedaemon.</strong></span> <span class='ocrx_word' id='word_1_414' title='bbox 991 3283 1051 3333; x_wconf 85' lang='lat' dir='ltr'><strong>pag.</strong></span> <span class='ocrx_word' id='word_1_415' title='bbox 1068 3268 1107 3318; x_wconf 83' lang='lat'><strong>13.</strong></span> <span class='ocrx_word' id='word_1_416' title='bbox 1135 3269 1253 3319; x_wconf 88' lang='lat' dir='ltr'><strong>Verbum</strong></span> <span class='ocrx_word' id='word_1_417' title='bbox 1266 3267 1320 3318; x_wconf 83' lang='grc' dir='ltr'><strong>δω-</strong></span> 
     </span>
     <span class='ocr_line' id='line_1_70' title="bbox 779 3337 1319 3404; baseline 0 -16"><span class='ocrx_word' id='word_1_418' title='bbox 779 3337 911 3404; x_wconf 78' lang='grc' dir='ltr'><strong><em>ροδοκεῖν</em></strong></span> <span class='ocrx_word' id='word_1_419' title='bbox 923 3341 1064 3402; x_wconf 85' lang='lat' dir='ltr'><strong>attigimus</strong></span> <span class='ocrx_word' id='word_1_420' title='bbox 1079 3337 1114 3386; x_wconf 89' lang='lat' dir='ltr'><strong>ad</strong></span> <span class='ocrx_word' id='word_1_421' title='bbox 1129 3338 1182 3398; x_wconf 88' lang='lat' dir='ltr'><strong>Vl,</strong></span> <span class='ocrx_word' id='word_1_422' title='bbox 1204 3341 1251 3402; x_wconf 79' lang='lat'><strong>72,</strong></span> <span class='ocrx_word' id='word_1_423' title='bbox 1273 3340 1319 3390; x_wconf 91' lang='lat' dir='ltr'><strong>ubi</strong></span> 
     </span>
     <span class='ocr_line' id='line_1_71' title="bbox 779 3397 1319 3473; baseline -0.007 -13"><span class='ocrx_word' id='word_1_424' title='bbox 779 3411 861 3460; x_wconf 84' lang='lat' dir='ltr'><strong>etiam</strong></span> <span class='ocrx_word' id='word_1_425' title='bbox 886 3409 918 3459; x_wconf 90' lang='lat' dir='ltr'><strong>de</strong></span> <span class='ocrx_word' id='word_1_426' title='bbox 938 3421 1005 3459; x_wconf 85' lang='lat' dir='ltr'><strong>voce</strong></span> <span class='ocrx_word' id='word_1_427' title='bbox 1024 3399 1142 3468; x_wconf 75' lang='lat' dir='ltr'><strong>corpedo.</strong></span> <span class='ocrx_word' id='word_1_428' title='bbox 1174 3397 1247 3458; x_wconf 84' lang='grc' dir='ltr'><strong><em>ἑλεῖν</em></strong></span> <span class='ocrx_word' id='word_1_429' title='bbox 1276 3399 1319 3473; x_wconf 85' lang='grc' dir='ltr'><strong>(τὸ</strong></span> 
     </span>
     <span class='ocr_line' id='line_1_72' title="bbox 773 3473 1320 3543; baseline -0.004 -15"><span class='ocrx_word' id='word_1_430' title='bbox 773 3473 880 3543; x_wconf 70' lang='grc' dir='ltr'><strong><em>Ἄρηος)</em></strong></span> <span class='ocrx_word' id='word_1_431' title='bbox 894 3476 1102 3529; x_wconf 83' lang='lat' dir='ltr'><strong>cumB1·edovio</strong></span> <span class='ocrx_word' id='word_1_432' title='bbox 1118 3492 1177 3542; x_wconf 89' lang='lat' dir='ltr'><strong>png.</strong></span> <span class='ocrx_word' id='word_1_433' title='bbox 1192 3479 1242 3529; x_wconf 77' lang='lat'><strong>325</strong></span> <span class='ocrx_word' id='word_1_434' title='bbox 1256 3479 1320 3528; x_wconf 88' lang='lat' dir='ltr'><strong>scri-</strong></span> 
     </span>
     <span class='ocr_line' id='line_1_73' title="bbox 781 3538 1319 3614; baseline -0.007 -15"><span class='ocrx_word' id='word_1_435' title='bbox 781 3551 822 3614; x_wconf 89' lang='lat' dir='ltr'><strong>psi</strong></span> <span class='ocrx_word' id='word_1_436' title='bbox 834 3545 996 3599; x_wconf 86' lang='lat' dir='ltr'><strong>cSancrofti</strong></span> <span class='ocrx_word' id='word_1_437' title='bbox 1006 3545 1074 3596; x_wconf 92' lang='lat' dir='ltr'><strong>libro</strong></span> <span class='ocrx_word' id='word_1_438' title='bbox 1085 3561 1133 3612; x_wconf 91' lang='lat' dir='ltr'><strong>pro</strong></span> <span class='ocrx_word' id='word_1_439' title='bbox 1143 3547 1214 3614; x_wconf 85' lang='lat' dir='ltr'><strong>vulg.</strong></span> <span class='ocrx_word' id='word_1_440' title='bbox 1223 3538 1319 3611; x_wconf 79' lang='grc' dir='ltr'><strong><em>ἑλέειν,</em></strong></span> 
     </span>
     <span class='ocr_line' id='line_1_74' title="bbox 779 3617 1318 3684; baseline 0.002 -17"><span class='ocrx_word' id='word_1_441' title='bbox 779 3619 859 3684; x_wconf 86' lang='lat' dir='ltr'><strong>idque</strong></span> <span class='ocrx_word' id='word_1_442' title='bbox 878 3635 909 3668; x_wconf 91' lang='lat' dir='ltr'><strong>eo</strong></span> <span class='ocrx_word' id='word_1_443' title='bbox 927 3617 1029 3682; x_wconf 86' lang='lat' dir='ltr'><strong>magis,</strong></span> <span class='ocrx_word' id='word_1_444' title='bbox 1052 3632 1112 3666; x_wconf 91' lang='lat' dir='ltr'><strong>cum</strong></span> <span class='ocrx_word' id='word_1_445' title='bbox 1129 3619 1258 3668; x_wconf 85' lang='lat' dir='ltr'><strong>continuo</strong></span> <span class='ocrx_word' id='word_1_446' title='bbox 1276 3633 1318 3668; x_wconf 86' lang='lat' dir='ltr'><strong>se-</strong></span> 
     </span>
     <span class='ocr_line' id='line_1_75' title="bbox 779 3675 1320 3753; baseline -0.002 -15"><span class='ocrx_word' id='word_1_447' title='bbox 779 3693 891 3753; x_wconf 89' lang='lat' dir='ltr'><strong>quatur:</strong></span> <span class='ocrx_word' id='word_1_448' title='bbox 911 3679 1019 3748; x_wconf 83' lang='grc' dir='ltr'><strong><em>παρεὸν</em></strong></span> <span class='ocrx_word' id='word_1_449' title='bbox 1034 3713 1066 3721; x_wconf 97' lang='grc'>-</span> <span class='ocrx_word' id='word_1_450' title='bbox 1084 3675 1177 3736; x_wconf 77' lang='grc' dir='ltr'><strong><em>ἑλεῖν</em></strong></span> <span class='ocrx_word' id='word_1_451' title='bbox 1193 3689 1222 3736; x_wconf 92' lang='lat' dir='ltr'><strong>in</strong></span> <span class='ocrx_word' id='word_1_452' title='bbox 1236 3689 1320 3737; x_wconf 88' lang='lat' dir='ltr'><strong>omui·</strong></span> 
     </span>
     <span class='ocr_line' id='line_1_76' title="bbox 779 3755 1183 3810; baseline -0.005 -2"><span class='ocrx_word' id='word_1_453' title='bbox 779 3758 830 3808; x_wconf 91' lang='lat' dir='ltr'><strong>bus</strong></span> <span class='ocrx_word' id='word_1_454' title='bbox 846 3757 925 3807; x_wconf 88' lang='lat' dir='ltr'><strong>codd.</strong></span> <span class='ocrx_word' id='word_1_455' title='bbox 939 3761 1011 3806; x_wconf 80' lang='lat' dir='ltr'><strong>recte</strong></span> <span class='ocrx_word' id='word_1_456' title='bbox 1026 3755 1183 3810; x_wconf 85' lang='lat' dir='ltr'><strong>exhibitum.</strong></span> 
     </span>
    </p>
   </div>
   <div class='ocr_carea' id='block_1_10' title="bbox 779 3851 1321 4415">
    <p class='ocr_par' dir='ltr' id='par_1_10' title="bbox 779 3851 1321 4415">
     <span class='ocr_line' id='line_1_77' title="bbox 808 3851 1321 3924; baseline -0.008 -14"><span class='ocrx_word' id='word_1_457' title='bbox 808 3851 883 3910; x_wconf 83' lang='lat' dir='ltr'><strong>‘Ode&#39;</strong></span> <span class='ocrx_word' id='word_1_458' title='bbox 900 3873 948 3922; x_wconf 86' lang='grc' dir='ltr'><strong>σφι</strong></span> <span class='ocrx_word' id='word_1_459' title='bbox 966 3852 1050 3924; x_wconf 72' lang='grc' dir='ltr'><strong><em>ἔλεξε]</em></strong></span> <span class='ocrx_word' id='word_1_460' title='bbox 1072 3861 1148 3922; x_wconf 84' lang='lat' dir='ltr'><strong>Quae</strong></span> <span class='ocrx_word' id='word_1_461' title='bbox 1161 3859 1222 3924; x_wconf 85' lang='lat' dir='ltr'><strong>ipsa</strong></span> <span class='ocrx_word' id='word_1_462' title='bbox 1239 3857 1321 3922; x_wconf 90' lang='lat' dir='ltr'><strong>pluri-</strong></span> 
     </span>
     <span class='ocr_line' id='line_1_78' title="bbox 779 3930 1320 4001; baseline -0.011 -21"><span class='ocrx_word' id='word_1_463' title='bbox 779 3931 828 3980; x_wconf 86' lang='lat' dir='ltr'><strong>bus</strong></span> <span class='ocrx_word' id='word_1_464' title='bbox 849 3930 962 3980; x_wconf 85' lang='lat' dir='ltr'><strong>vocibus</strong></span> <span class='ocrx_word' id='word_1_465' title='bbox 987 3931 1138 3980; x_wconf 83' lang='lat' dir='ltr'><strong>interiectis</strong></span> <span class='ocrx_word' id='word_1_466' title='bbox 1165 3943 1225 3978; x_wconf 88' lang='lat' dir='ltr'><strong>mox</strong></span> <span class='ocrx_word' id='word_1_467' title='bbox 1245 3941 1320 4001; x_wconf 71' lang='lat' dir='ltr'><strong>repe-</strong></span> 
     </span>
     <span class='ocr_line' id='line_1_79' title="bbox 779 3985 1319 4059; baseline -0.013 -8"><span class='ocrx_word' id='word_1_468' title='bbox 779 4004 874 4050; x_wconf 88' lang='lat' dir='ltr'><strong>tuntur</strong></span> <span class='ocrx_word' id='word_1_469' title='bbox 892 3999 981 4049; x_wconf 87' lang='lat' dir='ltr'><strong>verbis</strong></span> <span class='ocrx_word' id='word_1_470' title='bbox 999 3993 1093 4059; x_wconf 78' lang='grc' dir='ltr'><strong><em>ἔλεξε</em></strong></span> <span class='ocrx_word' id='word_1_471' title='bbox 1113 3989 1142 4046; x_wconf 81' lang='grc' dir='ltr'><strong>δ’</strong></span> <span class='ocrx_word' id='word_1_472' title='bbox 1157 3985 1198 4044; x_wconf 80' lang='grc' dir='ltr'><strong>ὦν</strong></span> <span class='ocrx_word' id='word_1_473' title='bbox 1213 4007 1319 4058; x_wconf 80' lang='grc' dir='ltr'><strong><em>φαμε-</em></strong></span> 
     </span>
     <span class='ocr_line' id='line_1_80' title="bbox 780 4063 1319 4134; baseline -0.013 -16"><span class='ocrx_word' id='word_1_474' title='bbox 780 4083 853 4128; x_wconf 86' lang='grc' dir='ltr'><strong><em>νος,</em></strong></span> <span class='ocrx_word' id='word_1_475' title='bbox 873 4070 906 4120; x_wconf 91' lang='lat' dir='ltr'><strong>de</strong></span> <span class='ocrx_word' id='word_1_476' title='bbox 919 4085 973 4134; x_wconf 88' lang='lat' dir='ltr'><strong>qua</strong></span> <span class='ocrx_word' id='word_1_477' title='bbox 994 4067 1100 4118; x_wconf 90' lang='lat' dir='ltr'><strong>dicendi</strong></span> <span class='ocrx_word' id='word_1_478' title='bbox 1114 4064 1229 4117; x_wconf 80' lang='lat' dir='ltr'><strong>formula</strong></span> <span class='ocrx_word' id='word_1_479' title='bbox 1246 4063 1319 4113; x_wconf 85' lang='lat' dir='ltr'><strong>coni.</strong></span> 
     </span>
     <span class='ocr_line' id='line_1_81' title="bbox 779 4133 1321 4198; baseline -0.017 -8"><span class='ocrx_word' id='word_1_480' title='bbox 779 4145 849 4191; x_wconf 87' lang='lat' dir='ltr'><strong>nott.</strong></span> <span class='ocrx_word' id='word_1_481' title='bbox 867 4139 901 4188; x_wconf 87' lang='lat' dir='ltr'><strong>ad</strong></span> <span class='ocrx_word' id='word_1_482' title='bbox 916 4139 953 4198; x_wconf 89' lang='lat' dir='ltr'><strong>V,</strong></span> <span class='ocrx_word' id='word_1_483' title='bbox 969 4140 1001 4188; x_wconf 78' lang='lat'><strong>18</strong></span> <span class='ocrx_word' id='word_1_484' title='bbox 1015 4142 1043 4188; x_wconf 85' lang='lat' dir='ltr'><strong>et</strong></span> <span class='ocrx_word' id='word_1_485' title='bbox 1060 4137 1093 4186; x_wconf 88' lang='lat' dir='ltr'><strong>de</strong></span> <span class='ocrx_word' id='word_1_486' title='bbox 1106 4151 1157 4186; x_wconf 83' lang='lat' dir='ltr'><strong>usu</strong></span> <span class='ocrx_word' id='word_1_487' title='bbox 1172 4133 1321 4198; x_wconf 83' lang='lat' dir='ltr'><strong>perticula-</strong></span> 
     </span>
     <span class='ocr_line' id='line_1_82' title="bbox 780 4195 1320 4264; baseline -0.009 -5"><span class='ocrx_word' id='word_1_488' title='bbox 780 4224 837 4259; x_wconf 90' lang='lat' dir='ltr'><strong>rum</strong></span> <span class='ocrx_word' id='word_1_489' title='bbox 853 4199 881 4256; x_wconf 78' lang='grc' dir='ltr'><strong>δ’</strong></span> <span class='ocrx_word' id='word_1_490' title='bbox 901 4195 941 4256; x_wconf 70' lang='grc' dir='ltr'><strong>οἶν</strong></span> <span class='ocrx_word' id='word_1_491' title='bbox 959 4207 995 4258; x_wconf 83' lang='lat' dir='ltr'><strong>ci.</strong></span> <span class='ocrx_word' id='word_1_492' title='bbox 1016 4210 1084 4257; x_wconf 90' lang='lat' dir='ltr'><strong>nott.</strong></span> <span class='ocrx_word' id='word_1_493' title='bbox 1100 4205 1135 4256; x_wconf 80' lang='lat' dir='ltr'><strong>ed</strong></span> <span class='ocrx_word' id='word_1_494' title='bbox 1152 4203 1211 4262; x_wconf 88' lang='lat'><strong>111,</strong></span> <span class='ocrx_word' id='word_1_495' title='bbox 1229 4201 1271 4253; x_wconf 84' lang='lat'><strong>80.</strong></span> <span class='ocrx_word' id='word_1_496' title='bbox 1286 4205 1320 4264; x_wconf 89' lang='lat' dir='ltr'><strong>V,</strong></span> 
     </span>
     <span class='ocr_line' id='line_1_83' title="bbox 779 4267 1321 4340; baseline -0.007 -12"><span class='ocrx_word' id='word_1_497' title='bbox 779 4277 822 4330; x_wconf 80' lang='lat'><strong>50.</strong></span> <span class='ocrx_word' id='word_1_498' title='bbox 852 4277 893 4327; x_wconf 83' lang='lat' dir='ltr'><strong>Ad</strong></span> <span class='ocrx_word' id='word_1_499' title='bbox 906 4267 1104 4340; x_wconf 73' lang='grc' dir='ltr'><strong><em>ἐξεληλυθέναι</em></strong></span> <span class='ocrx_word' id='word_1_500' title='bbox 1117 4271 1187 4324; x_wconf 83' lang='lat' dir='ltr'><strong>conl.</strong></span> <span class='ocrx_word' id='word_1_501' title='bbox 1205 4277 1274 4324; x_wconf 89' lang='lat' dir='ltr'><strong>nott.</strong></span> <span class='ocrx_word' id='word_1_502' title='bbox 1286 4273 1321 4324; x_wconf 83' lang='lat' dir='ltr'><strong>ud</strong></span> 
     </span>
     <span class='ocr_line' id='line_1_84' title="bbox 779 4341 1246 4415; baseline -0.011 -16"><span class='ocrx_word' id='word_1_503' title='bbox 779 4346 888 4415; x_wconf 85' lang='lat' dir='ltr'><strong>V1,80‚</strong></span> <span class='ocrx_word' id='word_1_504' title='bbox 910 4351 937 4397; x_wconf 87' lang='lat' dir='ltr'><strong>et</strong></span> <span class='ocrx_word' id='word_1_505' title='bbox 950 4346 983 4396; x_wconf 80' lang='lat' dir='ltr'><strong>cd</strong></span> <span class='ocrx_word' id='word_1_506' title='bbox 998 4341 1126 4394; x_wconf 80' lang='grc' dir='ltr'><strong><em>δικαιεῦν</em></strong></span> <span class='ocrx_word' id='word_1_507' title='bbox 1138 4341 1186 4406; x_wconf 90' lang='lat' dir='ltr'><strong>VI,</strong></span> <span class='ocrx_word' id='word_1_508' title='bbox 1204 4341 1246 4394; x_wconf 80' lang='lat'><strong>73.</strong></span> 
     </span>
    </p>
   </div>
   <div class='ocr_carea' id='block_1_11' title="bbox 1083 4428 1123 4491">
    <p class='ocr_par' dir='ltr' id='par_1_11' title="bbox 1083 4428 1123 4491">
     <span class='ocr_line' id='line_1_85' title="bbox 1083 4428 1123 4491; baseline -0.025 0"><span class='ocrx_word' id='word_1_509' title='bbox 1083 4428 1123 4491; x_wconf 78' lang='lat'><strong>22</strong></span> 
     </span>
    </p>
   </div>
   <div class='ocr_carea' id='block_1_12' title="bbox 0 0 1536 4976">
    <p class='ocr_par' dir='ltr' id='par_1_12' title="bbox 0 0 1536 4976">
     <span class='ocr_line' id='line_1_86' title="bbox 0 0 1536 4976; baseline 0 0"><span class='ocrx_word' id='word_1_510' title='bbox 0 0 1536 4976; x_wconf 95' lang='lat' dir='ltr'><strong> </strong></span> 
     </span>
    </p>
   </div>
  </div>
 </body>
</html>
