3038 4994
210 363 271 428 302
296 421 299 426 .
645 362 910 426 HERODOTI

207 533 350 627 μάλιστά
370 557 431 625 σφι
454 541 522 606 τῶν
542 535 713 624 γερόντων
735 537 963 628 προσήκοντας
984 545 1074 627 ἔχειν
1099 537 1140 609 τὰ
1158 545 1227 609 τῶν
1246 547 1342 628 βασι-

207 645 294 712 λέων
308 643 423 731 γέρεα,
448 640 510 709 δύο
526 640 661 729 ψήφους
680 644 896 730 τιθεμένους,
916 650 1032 732 τρίτην
1057 642 1094 712 δὲ
1111 641 1173 733 τήν
1196 645 1342 714 ἑωυτῶν.

206 881 279 938 tum,
310 873 426 925 subinde
449 873 602 940 designari,
616 879 752 926 ιιιοιιεοιε
801 875 1039 954 terpretationem,
1064 891 1118 941 qua
1142 877 1235 942 priora
1259 877 1343 928 verba

207 947 235 996 (ι.
243 946 277 996 0.
285 944 430 995 Muellero:
441 945 507 995 Dor.
514 945 551 995 11.
559 959 623 1010 ρος.
633 945 663 996 ill
675 961 750 1011 seqq.
801 943 867 1011 (δύο
877 937 1183 1010 ψήφονςτιθεμένονς)
1194 947 1227 996 de
1237 946 1343 998 duobus

206 1014 321 1066 94102.
341 1014 749 1065 Add'l'ittmannStaatsvert.
801 1016 974 1066 senatoribus
995 1016 1165 1094 coniunctis,
1188 1017 1342 1080 posteriora

206 1099 269 1150 pag.
288 1083 353 1146 lli,
372 1083 401 1132 C
419 1083 450 1132 F.
465 1083 618 1134 Hermann.
639 1084 748 1136 Griech.

206 1151 412 1206 Staatralterth.
439 1156 464 1216 ἕ.
485 1155 528 1204 24.
553 1158 609 1205 ιιοι.
631 1155 643 1204 l
663 1170 748 1219 seqq..

206 1223 390 1273 Seboemann:
404 1221 512 1272 Grieeh.
528 1221 643 1272 Alterth.
659 1239 686 1287 p.
697 1223 749 1273 ²30

206 1307 281 1358 seqq.
317 1292 422 1358 Viginti
441 1297 504 1342 octo
523 1292 564 1355 (ut
583 1307 644 1341 cnm
663 1293 748 1341 Hero-

205 1361 269 1412 doto
279 1363 483 1411 consentientes
491 1360 747 1410 traduutPlutarob.

205 1431 261 1481 Vit.
268 1432 385 1496 Lycurg.
395 1432 412 1481 d
422 1435 449 1479 et
459 1431 614 1480 Pausanias
625 1431 678 1494 111,
686 1432 710 1491 5,
718 1429 746 1494 3)

205 1501 332 1550 constitit
348 1500 460 1565 gerusia
477 1499 666 1562 senatoribus,
689 1501 749 1564 qui-

204 1569 268 1629 bus,
291 1573 322 1618 ut
339 1570 445 1632 integer
462 1569 538 1618 tieret
556 1570 747 1634 perfectusque

204 1653 349 1700 numerus,
381 1637 435 1688 duo
467 1637 637 1688 accedebant
669 1653 746 1704 reges

203 1707 352 1772 praesides.
377 1706 430 1767 Qui
444 1721 571 1756 numerus
582 1708 694 1772 triginta
705 1725 746 1758 se-

203 1783 329 1826 natorum
346 1777 475 1842 cougruit
493 1791 555 1827 cum
576 1777 678 1826 dierum
696 1793 746 1827 nu·

203 1861 277 1895 mero
297 1846 397 1896 mensis
417 1845 548 1912 cuiusque
570 1848 598 1896 in
614 1863 685 1896 anno
705 1847 747 1896 ln-

202 1916 276 1977 nari,
306 1915 412 1982 qualem
436 1915 589 1981 Spartanos
612 1916 675 1967 olim
698 1915 746 1965 ha·

201 1985 294 2035 buissc
303 1983 433 2036 credibile
444 1991 496 2036 est.
522 1987 559 2035 Et
573 1986 634 2050 quis
647 1986 744 2048 nescit,

204 2059 333 2120 quautam
350 2055 459 2106 omnino
471 2070 514 2106 res
526 2053 636 2105 lunares
650 2057 677 2104 in
690 2071 745 2104 om-

203 2125 249 2172 nia
261 2125 455 2188 Spartanorum
475 2126 603 2175 instituta
620 2139 701 2176 sacra
717 2131 744 2176 et

201 2193 316 2256 profana
330 2192 477 2246 habuerint
490 2195 613 2244 vim‘i-
635 2196 667 2244 ln
680 2209 743 2260 pro-

201 2263 272 2314 xime
289 2279 365 2328 seqq.
387 2259 454 2320 τούς
471 2255 591 2327 μάλιστά
614 2277 663 2326 οφι
685 2261 743 2312 τῶν

200 2325 343 2396 γερόντων
361 2329 557 2400 προσήκοντας
577 2334 661 2398 dixit,
684 2335 742 2399 opi·

200 2417 258 2456 nor,
274 2417 320 2454 eea
335 2408 485 2466 senatores,
500 2419 546 2470 qur
539 2370 668 2470 regibnh
678 2419 741 2468 pro-

199 2471 265 2522 ximi
278 2478 358 2522 erant
373 2489 482 2539 genere.

234 2535 287 2590 dv'o
303 2533 424 2661 ψήφους
437 2535 621 2604 τιθεμένους,
641 2537 740 2602 τρίτην

199 2603 276 2660 δὲ
245 2625 298 2674 την
310 2603 434 2675 tmeseia]
451 2611 493 2661 Ad
506 2609 670 2659 locutionem
684 2603 740 2670 ψή-

199 2693 273 2742 φους
289 2678 426 2728 τίθεσθαι
442 2679 515 2729 coni.
528 2679 585 2742 111,
600 2677 633 2727 73
633 2677 740 2758 ibique

198 2739 269 2797 uolt.
301 2749 392 2798 Verba
407 2748 505 2810 τρίτην
518 2741 549 2795 δὲ
562 2715 614 2809 τήν
629 2737 740 2793 ἕωοτών

199 2815 270 2880 quod
290 2817 353 2866 eiici
368 2817 427 2866 vult
441 2814 534 2866 Kiehl·
556 2816 598 2864 De
610 2813 740 2879 Aeschyli

196 2885 335 2935 Prometb.
350 2901 413 2950 pag.
430 2886 491 2944 104,
505 2899 582 2934 nemo
595 2898 678 2932 sanus
693 2883 740 2932 ho-

197 2969 240 3003 mo
264 2953 384 3005 accedet.
424 2953 502 3016 Quod
521 2953 555 3002 ad
574 2954 738 3002 sententiam

196 3023 297 3072 attinet
310 3024 412 3088 ipsam,
425 3021 644 3088 Schweighaeus.
660 3037 739 3086 prae-

196 3097 279 3143 eunte
299 3092 414 3145 Wossel.
434 3092 566 3142 Herodoti
589 3092 673 3141 verba
698 3093 738 3141 ita

197 3163 316 3226 accipit,
333 3167 364 3212 nt
380 3163 408 3212 in
422 3165 515 3228 regum
529 3162 656 3212 absentie
668 3177 738 3212 unus

198 3231 418 3296 causatoribus,
435 3248 534 3298 genere
552 3230 662 3296 regibus
679 3247 738 3296 pro-

195 3301 282 3353 ximus
292 3305 320 3351 et
333 3317 423 3354 eorum
436 3305 496 3354 vice
511 3301 589 3369 quasi
603 3303 737 3352 constitu-

194 3375 255 3434 tus,
272 3371 326 3422 duo
337 3387 385 3437 pro
399 3373 504 3424 duobus
516 3372 625 3437 regibus
642 3371 738 3421 tulerit

194 3439 325 3506 suffragia
350 3444 514 3508 tertiumque
536 3457 614 3494 suum
637 3442 734 3506 ipsius.

193 3509 225 3558 In
246 3525 300 3572 qna
317 3511 552 3591 interpretatione
562 3527 603 3562 me
623 3511 736 3561 offendit

194 3577 306 3662 pluralis
319 3595 446 3632 numerus
458 3575 666 3646 προσήκοντας,
681 3595 733 3646 qno

194 3649 254 3713 ipso
263 3650 362 3700 Noster
376 3651 515 3702 declarare
526 3649 647 3701 voluisse
657 3651 733 3699 vide-

192 3719 272 3781 tur,'
264 3735 292 3769 m
305 3721 410 3770 duorum
422 3736 514 3786 regum
526 3719 679 3770 absentium
693 3719 733 3768 lo·

192 3803 253 3838 cum
272 3789 335 3840 daos
351 3805 457 3856 quoque
474 3790 641 3839 successisse
656 3803 733 3839 sena-

192 3863 279 3920 tores,
306 3861 353 3925 qui
375 3875 423 3922 pro
440 3859 535 3909 duobus
551 3857 661 3923 regibus
683 3859 732 3906 duc

801 1083 912 1148 (τρίτην
931 1077 1012 1132 δὲ
981 1099 1035 1147 την
1054 1052 1177 1149 έωντοὶν)
1198 1085 1231 1135 de
1244 1085 1342 1136 iisdem

799 1155 913 1220 singulis
924 1155 1111 1217 accipiantur,
1125 1154 1296 1206 durissimam
1308 1171 1341 1206 ac

798 1225 845 1273 vix
856 1222 993 1274 ferendam
1004 1239 1051 1273 cur
1061 1224 1191 1286 declaret,
1202 1224 1271 1274 baud
1283 1241 1342 1289 per·

799 1293 901 1356 spicio;
926 1291 1006 1358 louge
1023 1295 1093 1342 enim
1112 1293 1262 1358 simplicior
1273 1295 1341 1345 haee

799 1363 870 1412 ratio
887 1363 1008 1426 ipsisque
1026 1364 1169 1428 scriptoris
1186 1364 1276 1414 verbis
1294 1380 1339 1414 ac-

798 1432 996 1481 commodatior
1024 1433 1147 1494 videtur,
1184 1447 1264 1497 quam
1296 1449 1339 1496 aa,

797 1502 1338 1634 remittis.:immittitis

797 1606 884 1704 ipslus
904 1639 1055 1689 contulisse
1078 1639 1184 1689 dicatur
1194 1641 1221 1702 ,“
1247 1655 1339 1706 quam-

796 1723 847 1773 que
862 1714 940 1757 tanta
953 1708 1129 1771 simplicitate
1145 1715 1172 1758 at
1190 1710 1339 1774 perspicui·

798 1784 855 1827 tate
871 1779 1053 1828 commendari
1064 1782 1144 1843 putat
1153 1777 1223 1829 idem
1235 1780 1278 1827 vir
1289 1779 1337 1829 do·

796 1852 872 1910 ctus,
905 1853 961 1911 „ut
984 1848 1019 1896 ad
1039 1849 1173 1898 Herodoti
1200 1849 1338 1898 scribendi

796 1931 882 1980 genus
904 1916 971 1966 nihil
994 1917 1226 1968 accommodatius
1248 1917 1336 1968 videri

796 1987 907 2050 queat.“
947 1987 989 2034 De
1012 2001 1065 2051 quo
1083 1986 1208 2051 equidem
1226 2001 1337 2050 prorsus

795 2055 876 2105 aliter
895 2055 994 2107 sentio.
1033 2056 1127 2120 Neque
1145 2057 1214 2106 enim
1232 2056 1283 2105 hoc
1303 2071 1337 2105 ex

795 2124 855 2175 loco
871 2125 898 2174 id
919 2125 991 2177 effici
1012 2139 1093 2188 possa
1112 2131 1195 2189 ριιιο,
1221 2131 1252 2174 ut
1271 2125 1336 2174 bina

793 2195 907 2260 singolis
919 2193 1027 2258 regibus
1045 2193 1176 2260 suffragia
1195 2193 1280 2244 inisse
1296 2194 1335 2243 di·

793 2279 901 2328 camus,
917 2265 957 2313 ita
966 2268 996 2313 ιιι
1009 2264 1055 2328 qui
1071 2279 1162 2313 eorum
1175 2264 1236 2314 vice
1246 2264 1334 2313 iuncti

792 2334 847 2383 sint
859 2339 1013 2396 senatores,
1031 2349 1122 2384 eorum
1139 2333 1334 2398 quisquemon

793 2403 887 2454 tulerit
911 2402 1056 2468 suffragia,
1078 2403 1135 2454 bina
1158 2417 1207 2468 pro
1221 2417 1285 2467 rega
1305 2407 1334 2452 et

792 2475 887 2522 tertium
899 2487 978 2524 suum
992 2473 1088 2538 ipsius.
1122 2473 1209 2534 Quam
1233 2471 1333 2522 falsam

790 2542 959 2604 quorundam
985 2542 1038 2590 iam
1067 2541 1220 2606 antiquitus
1247 2541 1333 2591 luisse

790 2609 1332 2745 illliiiiillligii·silliilinliss

791 2750 881 2812 arguit
894 2748 1068 2812 Thucydides
1080 2751 1101 2808 1,
1111 2751 1139 2799 ’21
1151 2767 1157 2798 ι
1174 2765 1191 2799 a
1204 2765 1256 2814 quo
1270 2751 1330 2814 ipso

789 2817 957 2868 Herodotum
969 2819 1046 2882 tangi
1059 2820 1082 2866 si
1097 2820 1141 2884 qni
1155 2823 1267 2884 putent,
1287 2833 1331 2868 co·

789 2887 877 2951 gitent
889 2887 928 2936 illi
945 2887 1041 2948 velim,
1061 2903 1146 2952 neque
1162 2887 1329 2937 Herodotum

790 2956 846 3005 tale
857 2957 937 3021 quid,
961 2957 1032 3022 quod
1048 2971 1064 3005 a
1077 2957 1237 3021 Thucydide
1251 2963 1329 3006 nota·

789 3031 840 3082 tur.
856 3027 1000 3076 enuntiare
1011 3025 1094 3092 (quod
1107 3033 1182 3077 recte
1194 3025 1330 3077 intellexit

787 3095 907 3146 Boehme
919 3097 947 3145 in
961 3101 1029 3146 nott.
1046 3097 1081 3145 ad
1096 3095 1265 3159 Thucydidis
1278 3095 1294 3144 1.
1310 3095 1327 3147 l.

788 3181 851 3229 pag.
868 3166 907 3216 18.
929 3167 962 3216 T.
978 3165 1001 3216 1.
1021 3167 1140 3230 itemque
1158 3165 1189 3216 C.
1209 3166 1242 3214 F.
1259 3165 1328 3215 ller-

788 3249 877 3287 msnn.
892 3235 932 3284 l.l.
943 3239 967 3297 §-
975 3235 1017 3283 24.
1027 3239 1083 3286 not.
1093 3235 1132 3298 b),
1146 3249 1232 3298 nsque
1244 3235 1327 3284 etiam

786 3308 929 3369 utrumque
943 3304 1103 3367 scriptorem
1121 3303 1175 3354 sibi
1187 3304 1327 3368 cognitum

786 3373 872 3423 saissa
884 3374 987 3436 videri,
1001 3378 1032 3423 οι
1044 3374 1113 3424 bena
1127 3375 1231 3422 monuit
1241 3372 1326 3423 Dabl-

785 3458 874 3492 mann.
889 3443 989 3493 Herod.
1005 3459 1066 3508 pag.
1078 3443 1131 3492 218
1142 3457 1217 3507 seqq.
1245 3441 1325 3492 Ocni.

785 3515 867 3561 etiam
878 3513 908 3562 G.
917 3513 1077 3562 Ollneller.
1086 3512 1103 3562 l.
1115 3511 1133 3560 l.
1142 3513 1179 3561 ΙΙ.
1193 3527 1255 3575 pag.
1267 3511 1326 3574 102,

783 3597 828 3646 qur
821 3581 1007 3631 Hellanicum
1020 3584 1111 3646 potins
1120 3582 1199 3646 tangi
1209 3582 1242 3630 ab
1253 3580 1326 3631 Thu-

784 3649 880 3714 cydide
891 3651 1039 3714 existimet,
1050 3666 1137 3716 neque
1145 3650 1323 3714 Herodotum,

784 3720 829 3784 qui
845 3719 952 3784 vulgari
971 3721 1110 3784 opinioni,
1136 3735 1217 3785 quam
1235 3735 1326 3784 repre·

783 3788 879 3838 hendit
892 3789 1075 3853 Thucydides,
1092 3790 1145 3854 ipsi
1158 3805 1265 3854 quoque
1277 3790 1325 3839 ob·

783 3863 891 3908 secutus
907 3858 932 3907 h.
947 3857 966 3910 l.
984 3861 1023 3908 sic
1041 3859 1195 3924 scripserit,
1214 3865 1245 3908 ιιι
1259 3859 1326 3909 bina

108 3959 112 3966 -
191 3928 304 3980 tulerint
331 3927 462 3995 suffragia
486 3929 630 3992 tertiumque
653 3941 731 3976 snum
782 3927 902 3992 singulos
916 3943 994 3992 reges
1010 3928 1141 3994 suffragia
1156 3928 1252 3979 tulisse
1266 3929 1324 3978 exi

191 3999 277 4064 ipsius
295 3998 460 4051 addiderint.
495 3999 539 4047 lta
560 3997 731 4046 enimllero-
781 3998 916 4056 stimarit3
945 3997 1008 4048 add.
1031 3998 1205 4048 Lachmann.
1230 3998 1321 4062 Spart.

191 4067 249 4118 doti
266 4071 350 4120 verba
373 4065 550 4134 intelligenda
571 4081 630 4116 ease
649 4065 730 4116 credo
782 4066 991 4140 Stsatsverlass.
1006 4083 1067 4150 pag.
1084 4067 1126 4118 88.
1153 4067 1322 4133 Mihinequs

190 4151 278 4202 neque
291 4139 370 4190 aliter
381 4155 414 4189 ea
426 4137 534 4202 accepit
546 4133 670 4186 Gabriel
688 4137 729 4186 De
780 4136 919 4200 vulgarem
944 4131 1097 4202 opinionem
1123 4141 1233 4187 secutus
1260 4151 1322 4189 esse

189 4208 312 4270 magistr.
325 4207 443 4260 Lacedd.
457 4221 520 4272 pag.
533 4207 604 4267 7.,8
625 4205 729 4255 dissen-
779 4205 888 4256 videtur
901 4207 1072 4268 Herodotus
1096 4222 1184 4272 neque
1211 4207 1322 4258 omuino

188 4275 274 4324 tiente
293 4277 429 4328 Salomon.
450 4275 503 4341 (De
523 4273 676 4340 Thucydid.
701 4279 729 4325 et
779 4275 1173 4342 cognitusinisseTbncydidi:
1186 4277 1321 4341 vid.quae

187 4343 321 4395 Herodct.
337 4349 448 4410 Qnacst
464 4345 559 4396 histor.
575 4345 727 4408 Specimen.
779 4344 836 4394 dixi
847 4346 874 4394 in
892 4345 1005 4396 Jahrbb.
1026 4347 1045 4395 ί.
1058 4345 1190 4410 Philolog.
1211 4361 1236 4396 n.
1251 4347 1318 4398 Pae·

187 4411 306 4463 Barolin.
319 4415 393 4468 lem.
403 4431 464 4482 pag.
474 4413 531 4480 28),
544 4415 593 4480 qui
604 4413 673 4465 banc
686 4417 726 4465 in·
778 4413 839 4479 dag.
854 4413 914 4466 Vol.
928 4415 1024 4466 XLVI.
1038 4431 1101 4481 pag.
1116 4415 1177 4468 436.
