3062 4976
228 359 288 420 384
658 353 925 418 HERODOTI

227 533 432 621 πολέμαρχος
451 533 682 626 Καλλίμαχος·
717 524 735 599 ὁ
761 527 826 620 γὰρ
855 531 955 620 νόμος
974 528 1048 600 τότε
1075 528 1142 618 εἶχε
1162 524 1250 600 οὕτω
1275 543 1362 598 τοῖσι

222 635 449 723 Ἀθηναίοισι,
464 630 524 702 τὸν
537 635 746 720 πολέμαρχον
760 641 850 722 ἔχειν
863 627 961 724 πέρας
975 633 1011 704 τὸ
1026 637 1146 716 δεξιόν.
1178 629 1362 722 ἡγεομένου

228 740 265 808 δὲ
287 737 408 808 τούτου
430 738 621 818 ἐξεδέκοντο
645 733 689 814 ὡς
709 733 910 824 ἠριθμὲοντο
930 743 967 806 αἰ
982 740 1105 824 φυλαὶ,
1129 737 1286 826 Ιἐχόμεναι
1302 733 1360 804 ἆλ-

227 845 373 931 ληλέων·
398 849 582 909 τελευταῖοι
597 839 634 908 dt
649 837 842 926 ἐτάσσοντο,
866 845 996 927 ἔχοντες
1009 839 1046 910 τὸ
1061 838 1237 928 εὐώνυμον
1251 844 1362 927 κέρας,

263 1005 313 1058 τὸν
336 1000 515 1070 πολέμαρχον
536 998 609 1071 ἔχειν
634 999 717 1068 κέρας
739 996 770 1054 τὸ
821 1003 1223 1070 aitertlrtim.§.15·2.not.10.
1254 1005 1360 1055 Sivero

228 1071 348 1142 deiude]
382 1076 448 1127 Cum
471 1075 534 1126 olim
552 1091 598 1126 rex
621 1076 647 1124 in
671 1075 768 1124 dextro
819 1076 960 1140 quaeritur
975 1074 1068 1139 (idque
1080 1077 1115 1125 ud
1136 1080 1257 1126 nostrum
1274 1075 1360 1125 locum

228 1165 314 1200 cornu
331 1151 478 1211 imperaret
495 1145 543 1209 (cf.
562 1147 655 1208 Eurip.
673 1144 767 1208 Suppl.
819 1145 941 1210 inprimis
952 1145 1080 1209 spectat),
1092 1161 1145 1210 quo
1157 1146 1251 1194 ordine
1262 1145 1360 1209 inipso

227 1219 415 1284 utrumnum
428 1214 605 1279 reipublicae
617 1215 768 1264 formiiste
818 1216 878 1263 acie
898 1215 1090 1269 constituenda
1114 1213 1237 1279 singulae
1262 1215 1360 1279 phylao

227 1290 323 1350 honos,
331 1287 403 1352 quod
412 1283 769 1347 beneviditll'essalingius,
819 1300 849 1333 se
863 1285 1028 1350 exceperint,
1039 1284 1081 1334 rel
1091 1299 1152 1334 eum
1163 1283 1283 1333 ordinem
1294 1285 1362 1332 luis-

227 1356 398 1424 polemarcho
415 1355 523 1420 obtigit,
537 1355 571 1402 de
584 1353 662 1402 cuius
677 1369 770 1404 muns·
819 1369 848 1402 se
864 1367 976 1404 necesse
997 1359 1053 1414 est,
1072 1354 1120 1418 qui
1137 1355 1199 1403 inde
1221 1354 1256 1402 ab
1279 1355 1359 1402 initio

226 1443 255 1477 re
267 1428 322 1481 vid,
337 1430 406 1475 nott.
420 1425 455 1473 ad
472 1425 504 1484 V,
521 1422 578 1476 100.
818 1425 890 1474 iuter
901 1421 950 1472 bas
964 1423 1060 1488 phylas
1070 1425 1179 1472 omnino
1190 1425 1359 1474 constitutus

257 1487 412 1560 ἡγεομένου
428 1486 460 1541 si
479 1485 582 1540 τούτου
606 1482 766 1551 ἐξεδέκοντο
819 1495 846 1542 in
859 1508 937 1542 omne
951 1499 1057 1558 tempus
1071 1493 1207 1554 obtinuit,
1228 1507 1298 1542 nuuc
1312 1509 1359 1542 eo-

227 1555 266 1622 ὡς
286 1557 461 1628 ἠριθμέοανο
477 1554 509 1609 αἴ
520 1557 622 1624 φυλαὶ,
637 1555 766 1624 ἐχόμεναι
818 1563 911 1626 gnitue
928 1577 960 1611 ex
973 1562 1198 1627 inscriptionibus
1210 1561 1302 1626 (Corp.
1315 1563 1358 1610 ln-

224 1631 378 1698 ἀλληλέων]
417 1633 492 1680 Haec
519 1631 604 1680 rerba
632 1629 766 1694 Schweig·
817 1631 964 1696 script.Gr.
977 1631 998 1682 1.
1011 1647 1052 1681 nr.
1066 1630 1357 1696 lilttseqq.);veleum

227 1705 374 1754 haeuserus
389 1702 428 1750 ita
442 1700 541 1750 reddit:
563 1700 617 1762 „al
631 1699 677 1748 λοο
690 1703 768 1764 ipitur
817 1701 949 1764 ordinem,
964 1716 1017 1766 quo
1027 1701 1151 1766 singulae
1164 1701 1262 1764 phylse
1276 1701 1302 1748 in
1318 1715 1358 1750 re-

223 1777 350 1838 priocipio
364 1771 453 1822 deinde
468 1771 604 1819 collocutus
619 1779 693 1819 eraut
710 1785 769 1818 con·
816 1770 927 1835 publica
951 1770 1169 1833 administranda
1192 1786 1238 1834 per
1256 1785 1356 1820 aunruu

227 1848 295 1894 ιίααο
309 1853 395 1893 tersere
409 1841 522 1904 stapulas
538 1839 618 1888 trites
630 1839 766 1888 Athenien·
815 1840 923 1889 civilem
940 1855 969 1890 se
980 1841 1170 1904 excipiebant,
1190 1845 1262 1889 sorte
1279 1847 1358 1903 qrrot·

226 1916 287 1964 sium
302 1927 352 1978 pro
364 1909 618 1975 cedroquenumero‘*
632 1909 764 1972 Longius,
816 1910 896 1960 aunis
912 1911 1102 1962 constitutum.
1138 1910 1218 1959 Hunc
1235 1925 1298 1958 vero
1314 1925 1356 1958 or-

149 2002 152 2008 *
226 1981 389 2034 vernaculus
404 1981 551 2044 interpres,
562 1977 643 2043 paulo
656 1978 766 2027 liberius
816 1978 905 2029 dinem
919 1981 946 2028 in
959 1978 1234 2044 pugnnMsratbonia
1249 1979 1356 2028 obtinu-

227 2056 282 2102 sic:
312 2089 328 2112 ,,
339 2051 418 2102 llnier
431 2051 522 2100 elersen
534 2048 651 2112 Fiilrrunp
669 2049 767 2112 solpten
800 2096 803 2103 ,
815 2049 870 2098 isse
887 2055 916 2098 ut
929 2050 1085 2110 credamus,
1102 2049 1202 2098 suadet
1215 2047 1357 2099 Plutarchi

228 2139 276 2172 ouo
288 2124 329 2172 die
341 2121 443 2186 iibripea
456 2119 562 2168 Strimue
578 2120 602 2166 in
619 2119 688 2168 ihrer
701 2118 766 2168 orci-
815 2118 850 2168 ad
862 2118 1024 2181 Aeschylum
1040 2117 1214 2182 provocantis
1233 2119 1356 2168 testimo·

226 2209 306 2256 πααμ,
330 2194 400 2241 einer·
417 2189 481 2239 naci
499 2189 553 2238 dem
572 2187 700 2238 andera.‘·
734 2187 766 2235 ln
816 2189 889 2238 nium
908 2188 967 2237 loco
988 2203 1070 2252 supra
1094 2187 1222 2252 laudato,
1249 2203 1282 2237 ex
1302 2203 1355 2252 quo

228 2263 325 2328 quibua
337 2259 410 2326 quod
431 2258 515 2310 verba
531 2245 610 2307 initio
625 2257 716 2322 posita
736 2247 766 2318 ἡ·
816 2259 964 2306 Ascuridem
977 2258 1087 2318 tribum,
1102 2271 1173 2321 quac
1186 2273 1200 2308 e
1213 2259 1298 2322 priori
1313 2273 1357 2306 or-

226 2327 362 2396 χεομένοα
387 2323 418 2378 di
439 2321 542 2376 τούτου
560 2325 766 2390 Schweighaeu-
816 2328 878 2376 dine
899 2343 966 2376 nono
981 2327 1047 2385 luit,
1075 2328 1189 2390 primum
1212 2327 1302 2378 locum
1327 2327 1354 2374 iu

227 2417 304 2454 serus
319 2398 422 2449 reddit:
441 2397 531 2446 ablroc
546 2397 765 2460 epicurprrneipio,
815 2396 911 2447 dextro
936 2411 1019 2446 cornu
1048 2395 1198 2446 obtinuisse
1226 2395 1355 2459 intelligi·

227 2473 315 2522 minus
329 2473 458 2519 accurate
470 2468 605 2531 utique.e
627 2466 716 2516 uidem
732 2463 768 2513 ed
816 2480 889 2528 mus,
903 2471 985 2531 etque
997 2465 1069 2514 haud
1088 2466 1145 2517 scio
1157 2479 1192 2514 en
1205 2465 1274 2516 idern
1288 2479 1355 2528 quo·

227 2554 389 2606 praegressa
413 2537 497 2588 rerba
519 2533 581 2600 (τοῦ
598 2481 649 2598 riis
670 2529 768 2593 δεξιοῦ
815 2549 867 2598 que
883 2535 974 2599 colligi
991 2536 1078 2599 possit
1095 2551 1127 2584 ex
1145 2533 1232 2584 altero
1248 2534 1356 2584 Plutar-

226 2609 322 2673 κέρεος
333 2596 457 2672 ἡγέετοὸ
474 2605 652 2668 πολέμαρχος
667 2599 766 2652 Καλλί-
816 2603 860 2652 ολιί
874 2603 933 2654 λοοο
953 2606 982 2654 in
995 2603 1108 2655 Aristid.
1127 2618 1186 2667 cap.
1200 2604 1232 2665 b,
1250 2620 1282 2654 es
1301 2618 1355 2667 quo

227 2679 328 2743 μαχος)
353 2675 502 2740 respiciens
526 2673 616 2724 malim
638 2673 764 2722 reddere:
817 2672 962 2723 Leontideor
983 2673 1097 2735 tribum,
1115 2688 1186 2738 quae
1203 2681 1310 2737 quarta,
1327 2679 1356 2722 et

225 2749 271 2798 lroc
288 2763 347 2796 uero
363 2741 562 2810 (Callimacho)
585 2743 647 2792 duee
666 2741 767 2806 (dextri
816 2741 1002 2802 Antioclridem,
1016 2757 1085 2807 quae
1101 2744 1194 2792 decim
1211 2741 1264 2792 init
1284 2743 1356 2792 inter

227 2820 336 2878 cornus)
350 2812 519 2878 sequebantur
535 2813 586 2874 ita,
607 2821 632 2860 ut
651 2826 768 2859 numera·
815 2809 914 2875 phylas
929 2815 1077 2863 secundum
1094 2813 1208 2876 priorem
1224 2812 1355 2874 ordinem,

226 2887 319 2936 tantur
329 2884 389 2948 (suo
401 2881 517 2942 ordine),
527 2880 656 2944 phylasse
665 2881 767 2928 invicem
815 2883 844 2928 in
858 2883 919 2931 acie
938 2883 1014 2931 iuxta
1028 2898 1057 2932 se
1072 2883 1182 2932 stetisse
1196 2886 1225 2931 et
1236 2896 1355 2948 pugnas·

227 2951 582 3016 excipientesuecontinuo
597 2949 766 3010 ordine‚una
816 2965 845 3000 se
863 2958 993 3015 apparet:
1018 2951 1061 3001 hic
1080 2951 1151 3002 euim
1166 2951 1231 3000 ordo
1247 2953 1355 3016 utrique

226 3030 287 3090 post
307 3021 449 3082 alteram),
470 3020 539 3070 sdeo
560 3023 591 3068 nt
613 3023 672 3068 tota
691 3020 764 3068 ecies
815 3025 888 3070 sorte
913 3021 1057 3086 obtigerat.
1097 3021 1194 3084 ltaque
1221 3021 1355 3070 Herodoti

225 3087 766 3158 longamexhiberetetcontinuetamse·
814 3090 898 3140 verba
931 3080 1092 3150 ἐξεδέκοντο
1121 3078 1159 3145 ὡς
1178 3081 1354 3152 ἠριθμέοατο

225 3164 301 3222 riam,
314 3162 392 3212 cuius
405 3160 527 3210 dextram
539 3163 643 3223 purtem
659 3173 680 3208 s.
693 3158 766 3222 priu-
814 3151 846 3207 oi
860 3155 948 3223 φυλαὶ
964 3159 1037 3210 houd
1052 3157 1132 3208 aliter
1147 3157 1265 3224 intelligi
1278 3165 1354 3224 pote-

226 3233 328 3297 cipinm
344 3232 433 3282 tenuit
445 3229 627 3280 Callimachus
642 3243 701 3280 curn
714 3243 765 3276 sua
813 3233 917 3291 terunt,
929 3230 983 3280 nisi
995 3228 1148 3278 hocmodo:
1159 3227 1355 3278 Callimachum

226 3301 568 3367 tribu,quamAeantidcm
584 3299 764 3348 inissetestu·
813 3299 963 3363 (inderiso
981 3313 1141 3350 coruucnm
1156 3297 1356 3348 Aeantidecol·
1425 3345 1427 3350 .

227 3381 270 3421 tur
292 3371 455 3422 Plutarchus
476 3373 503 3420 iu
529 3370 715 3433 Syrnposiacc.
739 3367 763 3429 1,
813 3367 944 3433 locatum)
970 3370 998 3417 in
1018 3369 1079 3418 acie
1097 3367 1271 3432 excipiebant
1293 3368 1355 3418 reli·

228 3443 269 3492 10.
285 3457 348 3506 pag.
358 3441 418 3502 648,
430 3440 499 3489 hanc
512 3455 576 3488 sero
590 3437 689 3487 tribum
703 3435 766 3487 reli·
813 3453 883 3503 quae
895 3438 998 3501 tribus,
1016 3437 1056 3486 ita
1067 3441 1098 3487 nt
1111 3438 1320 3487 numerabuntur
1332 3453 1354 3486 s.

225 3527 295 3576 quae
305 3511 392 3560 tribus
402 3527 424 3559 s.
435 3504 522 3572 φυλαὶ
533 3509 695 3572 exciperent.
715 3507 766 3556 Et·
775 3491 794 3540 ⁶·
815 3524 847 3557 eo
861 3508 970 3569 ordine,
986 3507 1033 3572 qui
1052 3521 1163 3558 numero
1183 3511 1257 3558 sorte
1271 3506 1353 3556 ducto

226 3583 297 3632 enirn
311 3580 456 3630 tenendum
469 3585 524 3640 est,
545 3579 574 3626 ia
592 3578 706 3628 civitate
718 3578 766 3625 At·
815 3579 912 3642 cuique
923 3578 1089 3628 constitutus
1100 3581 1230 3638 erut,uuu
1241 3581 1303 3641 post
1315 3575 1353 3624 el-

226 3653 283 3700 tics
297 3649 412 3714 phylas,
429 3662 496 3711 qnae
512 3646 602 3695 iudea
616 3645 764 3702 ,Clisthenis
813 3651 899 3696 teram
917 3661 1003 3711 apro
1023 3661 1072 3696 suo
1090 3661 1214 3711 quaeque
1232 3659 1353 3696 numero.

225 3725 318 3771 aetate
333 3717 400 3783 (vid.
414 3731 497 3780 supra
510 3717 541 3780 V,
555 3715 601 3779 68)
617 3715 710 3766 decem
721 3715 764 3765 iu·
814 3715 894 3766 Hunc
911 3731 976 3766 vero
994 3716 1116 3766 ordinem
1138 3715 1252 3765 eundem
1269 3715 1354 3765 tuisse

225 3792 280 3842 isso
302 3789 442 3850 novimus,
467 3801 520 3834 uon
545 3785 579 3834 ed
601 3799 644 3836 res
668 3784 763 3835 civiles
814 3787 1189 3850 etquesum,quoinseuetu
1204 3785 1352 3849 adrespu·

225 3867 346 3923 tantum,
361 3871 454 3909 verum
475 3853 587 3906 bellicas
601 3869 707 3920 quoque
724 3855 765 3902 ita
814 3854 900 3905 blicae
912 3855 1142 3905 administrandas
1155 3869 1202 3918 per
1216 3869 1297 3905 eruum
1307 3869 1353 3904 au·

225 3929 404 3997 pertinuisse,
429 3931 460 3975 ut
483 3923 606 3990 singulus
628 3923 763 3974 exercitus
814 3925 856 3974 nis
881 3923 969 3974 civilis
994 3939 1112 3975 mensem
1134 3923 1352 3985 advocabantur,

226 4007 253 4051 in
267 4001 365 4050 bellum
379 3995 573 4061 proficiscentis
591 3998 682 4058 partes
699 4007 764 4044 con·
814 3993 934 4043 dubitari
954 3993 1026 4044 hand
1046 3998 1146 4058 potest.
1175 3994 1264 4058 Atque
1282 3993 1352 4042 hunc

225 4072 369 4123 stituerent
381 4065 445 4116 etin
454 4067 515 4128 ipsa
526 4063 672 4112 aciesuum
682 4077 764 4127 quee—
814 4065 842 4112 iu
856 4062 962 4112 modum
977 4063 1060 4114 Grote
1074 4077 1182 4128 quoque
1192 4063 1307 4126 History
1324 4061 1354 4112 oi

225 4157 277 4205 que
292 4139 381 4190 locum
390 4151 407 4186 a
422 4135 538 4184 caeteris
551 4133 702 4182 seiunctum
716 4133 763 4182 ob·
814 4133 915 4183 Greece
929 4133 976 4183 1v.
989 4147 1050 4196 pag.
1062 4134 1113 4182 4³5
1128 4131 1196 4182 haec
1210 4131 1293 4182 verba
1305 4145 1352 4180 sc·

224 4213 336 4264 tinent:
358 4204 429 4272 quod
445 4203 488 4254 vel
505 4204 604 4252 Noster
624 4201 700 4251 locus
716 4202 761 4252 de·
812 4203 867 4266 cipi
880 4201 948 4262 vult,
965 4202 1082 4265 itemque
1095 4199 1220 4251 Boeckh=
1232 4203 1286 4250 Zur
1300 4200 1351 4250 Ge·

224 4279 325 4334 oleret.
346 4292 379 4326 ec
398 4279 536 4324 testantur
549 4271 687 4322 Plutarch.
704 4272 759 4324 Vit.
812 4271 934 4322 schichte
946 4269 971 4321 d.
983 4269 1162 4334 Mondcyclen
1177 4285 1203 4334 p.
1218 4271 1252 4320 68
1265 4283 1352 4333 seqq„
1423 4321 1425 4326 ,

223 4347 337 4398 astruo.
346 4347 373 4406 5,
386 4343 434 4392 alii
444 4357 461 4392 a
470 4341 534 4392 (21⁴¹.
547 4340 706 4391 Hermanno
717 4357 762 4390 ex·
812 4341 890 4391 cuius
907 4340 1059 4392 sententiae
1074 4337 1297 4404 adstipulsu'dum
1311 4353 1353 4388 es·

223 4417 302 4470 citati
319 4417 361 4466 iu:
381 4410 639 4465 Lebrb·d.iiriecb.
654 4410 761 4461 Strate-
812 4425 841 4461 sa
875 4416 957 4476 puto,
989 4409 1070 4460 aliter
1098 4409 1223 4475 quamvis
1245 4411 1352 4460 statuat

274 4674 333 4694 ⁴
