<?xml version="1.0" encoding="UTF-8"?>
<!DOCTYPE html PUBLIC "-//W3C//DTD XHTML 1.0 Transitional//EN"
    "http://www.w3.org/TR/xhtml1/DTD/xhtml1-transitional.dtd">
<html xmlns="http://www.w3.org/1999/xhtml" xml:lang="en" lang="en">
 <head>
  <title>
</title>
<meta http-equiv="Content-Type" content="text/html;charset=utf-8" />
  <meta name='ocr-system' content='tesseract 3.04.00' />
  <meta name='ocr-capabilities' content='ocr_page ocr_carea ocr_par ocr_line ocrx_word'/>
</head>
<body>
  <div class='ocr_page' id='page_1' title='image "./herodotihalicar01bhgoog_0732.png"; bbox 0 0 2958 5010; ppageno 0'>
   <div class='ocr_carea' id='block_1_1' title="bbox 529 341 980 406">
    <p class='ocr_par' dir='ltr' id='par_1_1' title="bbox 529 341 980 406">
     <span class='ocr_line' id='line_1_1' title="bbox 529 341 980 406; baseline -0.004 -4"><span class='ocrx_word' id='word_1_1' title='bbox 529 341 801 404; x_wconf 85' lang='lat' dir='ltr'><strong>POLYMNIA.</strong></span> <span class='ocrx_word' id='word_1_2' title='bbox 824 341 895 403; x_wconf 92' lang='lat' dir='ltr'><strong>VII.</strong></span> <span class='ocrx_word' id='word_1_3' title='bbox 920 351 980 406; x_wconf 80' lang='lat'><strong>176.</strong></span> 
     </span>
    </p>
   </div>
   <div class='ocr_carea' id='block_1_2' title="bbox 1257 342 1317 400">
    <p class='ocr_par' dir='ltr' id='par_1_2' title="bbox 1257 342 1317 400">
     <span class='ocr_line' id='line_1_2' title="bbox 1257 342 1317 400; baseline 0 0"><span class='ocrx_word' id='word_1_4' title='bbox 1257 342 1317 400; x_wconf 78' lang='lat'><strong>717</strong></span> 
     </span>
    </p>
   </div>
   <div class='ocr_carea' id='block_1_3' title="bbox 191 511 1318 605">
    <p class='ocr_par' dir='ltr' id='par_1_3' title="bbox 191 511 1318 605">
     <span class='ocr_line' id='line_1_3' title="bbox 191 511 1318 605; baseline -0.004 -19"><span class='ocrx_word' id='word_1_5' title='bbox 191 518 438 605; x_wconf 79' lang='grc' dir='ltr'><strong><em>Θερμοπυλέων</em></strong></span> <span class='ocrx_word' id='word_1_6' title='bbox 459 517 515 584; x_wconf 81' lang='grc' dir='ltr'><strong>καὶ</strong></span> <span class='ocrx_word' id='word_1_7' title='bbox 534 511 674 603; x_wconf 81' lang='grc' dir='ltr'><strong><em>ὄπισθε,</em></strong></span> <span class='ocrx_word' id='word_1_8' title='bbox 702 512 786 586; x_wconf 77' lang='grc' dir='ltr'><strong><em>κατά</em></strong></span> <span class='ocrx_word' id='word_1_9' title='bbox 804 543 840 584; x_wconf 83' lang='grc' dir='ltr'><strong>τε</strong></span> <span class='ocrx_word' id='word_1_10' title='bbox 859 511 1040 602; x_wconf 73' lang='grc' dir='ltr'><strong>Ἀλπηνοὺς</strong></span> <span class='ocrx_word' id='word_1_11' title='bbox 1059 511 1181 584; x_wconf 84' lang='grc' dir='ltr'><strong><em>ὄπισθε</em></strong></span> <span class='ocrx_word' id='word_1_12' title='bbox 1204 511 1318 594; x_wconf 79' lang='grc' dir='ltr'><strong><em>ἐόντας</em></strong></span> 
     </span>
    </p>
   </div>
   <div class='ocr_carea' id='block_1_4' title="bbox 187 717 729 1481">
    <p class='ocr_par' dir='ltr' id='par_1_4' title="bbox 187 717 729 1481">
     <span class='ocr_line' id='line_1_4' title="bbox 190 717 729 783; baseline -0.002 -16"><span class='ocrx_word' id='word_1_13' title='bbox 190 717 322 783; x_wconf 82' lang='lat' dir='ltr'><strong>paulatim</strong></span> <span class='ocrx_word' id='word_1_14' title='bbox 336 722 481 782; x_wconf 74' lang='lat' dir='ltr'><strong>patescens</strong></span> <span class='ocrx_word' id='word_1_15' title='bbox 496 718 523 767; x_wconf 87' lang='lat' dir='ltr'><strong>in</strong></span> <span class='ocrx_word' id='word_1_16' title='bbox 538 719 627 782; x_wconf 81' lang='lat' dir='ltr'><strong>aperti</strong></span> <span class='ocrx_word' id='word_1_17' title='bbox 642 717 729 782; x_wconf 77' lang='lat' dir='ltr'><strong>compi</strong></span> 
     </span>
     <span class='ocr_line' id='line_1_5' title="bbox 190 783 729 853; baseline 0 -17"><span class='ocrx_word' id='word_1_18' title='bbox 190 789 303 838; x_wconf 79' lang='lat' dir='ltr'><strong>sormam</strong></span> <span class='ocrx_word' id='word_1_19' title='bbox 332 789 389 838; x_wconf 84' lang='lat' dir='ltr'><strong>exit</strong></span> <span class='ocrx_word' id='word_1_20' title='bbox 418 787 612 853; x_wconf 76' lang='lat' dir='ltr'>planitiemque</span> <span class='ocrx_word' id='word_1_21' title='bbox 643 783 729 837; x_wconf 76' lang='lat' dir='ltr'><strong>efficit</strong></span> 
     </span>
     <span class='ocr_line' id='line_1_6' title="bbox 189 857 728 922; baseline 0 -16"><span class='ocrx_word' id='word_1_22' title='bbox 189 859 260 907; x_wconf 90' lang='lat' dir='ltr'><strong>inter</strong></span> <span class='ocrx_word' id='word_1_23' title='bbox 289 859 444 908; x_wconf 85' lang='lat' dir='ltr'><strong>Zeituninm</strong></span> <span class='ocrx_word' id='word_1_24' title='bbox 484 857 609 922; x_wconf 87' lang='lat' dir='ltr'><strong>oppidum</strong></span> <span class='ocrx_word' id='word_1_25' title='bbox 646 863 728 922; x_wconf 84' lang='lat' dir='ltr'><strong>atque</strong></span> 
     </span>
     <span class='ocr_line' id='line_1_7' title="bbox 190 926 728 992; baseline -0.004 -16"><span class='ocrx_word' id='word_1_26' title='bbox 190 927 384 992; x_wconf 84' lang='lat' dir='ltr'><strong>Thermopylae</strong></span> <span class='ocrx_word' id='word_1_27' title='bbox 403 929 548 978; x_wconf 86' lang='lat' dir='ltr'><strong>latitudine</strong></span> <span class='ocrx_word' id='word_1_28' title='bbox 565 927 646 977; x_wconf 76' lang='lat' dir='ltr'><strong>unius</strong></span> <span class='ocrx_word' id='word_1_29' title='bbox 671 926 728 976; x_wconf 83' lang='lat' dir='ltr'><strong>mil-</strong></span> 
     </span>
     <span class='ocr_line' id='line_1_8' title="bbox 187 995 727 1063; baseline 0.002 -18"><span class='ocrx_word' id='word_1_30' title='bbox 187 995 262 1046; x_wconf 80' lang='lat' dir='ltr'><strong>lierr.</strong></span> <span class='ocrx_word' id='word_1_31' title='bbox 281 1013 390 1063; x_wconf 75' lang='lat' dir='ltr'><strong>geogr,</strong></span> <span class='ocrx_word' id='word_1_32' title='bbox 411 1005 439 1048; x_wconf 90' lang='lat' dir='ltr'><strong>et</strong></span> <span class='ocrx_word' id='word_1_33' title='bbox 460 997 531 1062; x_wconf 86' lang='lat' dir='ltr'><strong>quod</strong></span> <span class='ocrx_word' id='word_1_34' title='bbox 551 995 685 1058; x_wconf 79' lang='lat' dir='ltr'>excurrit,</span> <span class='ocrx_word' id='word_1_35' title='bbox 710 1011 727 1046; x_wconf 86' lang='lat' dir='ltr'><strong>a</strong></span> 
     </span>
     <span class='ocr_line' id='line_1_9' title="bbox 188 1066 727 1118; baseline 0 -2"><span class='ocrx_word' id='word_1_36' title='bbox 188 1066 365 1117; x_wconf 80' lang='lat' dir='ltr'><strong>Malieneibue</strong></span> <span class='ocrx_word' id='word_1_37' title='bbox 380 1067 442 1116; x_wconf 94' lang='lat' dir='ltr'><strong>olim</strong></span> <span class='ocrx_word' id='word_1_38' title='bbox 458 1067 609 1118; x_wconf 74' lang='lat' dir='ltr'><strong>habitatam</strong></span> <span class='ocrx_word' id='word_1_39' title='bbox 620 1073 647 1117; x_wconf 90' lang='lat' dir='ltr'><strong>et</strong></span> <span class='ocrx_word' id='word_1_40' title='bbox 656 1081 727 1116; x_wconf 85' lang='lat' dir='ltr'><strong>nunc</strong></span> 
     </span>
     <span class='ocr_line' id='line_1_10' title="bbox 188 1134 728 1198; baseline 0 -12"><span class='ocrx_word' id='word_1_41' title='bbox 188 1134 267 1186; x_wconf 80' lang='lat' dir='ltr'><strong>valde</strong></span> <span class='ocrx_word' id='word_1_42' title='bbox 288 1142 441 1198; x_wconf 75' lang='lat' dir='ltr'><strong>extensam,</strong></span> <span class='ocrx_word' id='word_1_43' title='bbox 458 1141 563 1187; x_wconf 79' lang='lat' dir='ltr'><strong>mutata</strong></span> <span class='ocrx_word' id='word_1_44' title='bbox 582 1137 666 1186; x_wconf 79' lang='lat' dir='ltr'><strong>totino</strong></span> <span class='ocrx_word' id='word_1_45' title='bbox 686 1152 728 1186; x_wconf 90' lang='lat' dir='ltr'><strong>re·</strong></span> 
     </span>
     <span class='ocr_line' id='line_1_11' title="bbox 188 1205 728 1272; baseline 0 -18"><span class='ocrx_word' id='word_1_46' title='bbox 188 1207 277 1270; x_wconf 84' lang='lat' dir='ltr'><strong>gionir</strong></span> <span class='ocrx_word' id='word_1_47' title='bbox 296 1207 404 1270; x_wconf 89' lang='lat' dir='ltr'><strong>indole,</strong></span> <span class='ocrx_word' id='word_1_48' title='bbox 430 1212 560 1272; x_wconf 77' lang='lat' dir='ltr'><strong>utsupra</strong></span> <span class='ocrx_word' id='word_1_49' title='bbox 584 1205 638 1256; x_wconf 84' lang='lat' dir='ltr'><strong>iom</strong></span> <span class='ocrx_word' id='word_1_50' title='bbox 658 1205 728 1255; x_wconf 90' lang='lat' dir='ltr'><strong>indi-</strong></span> 
     </span>
     <span class='ocr_line' id='line_1_12' title="bbox 188 1275 726 1341; baseline -0.004 -15"><span class='ocrx_word' id='word_1_51' title='bbox 188 1276 311 1326; x_wconf 75' lang='lat' dir='ltr'><strong>carimus</strong></span> <span class='ocrx_word' id='word_1_52' title='bbox 327 1275 484 1341; x_wconf 80' lang='lat' dir='ltr'><strong>etamplius</strong></span> <span class='ocrx_word' id='word_1_53' title='bbox 501 1276 680 1326; x_wconf 71' lang='lat' dir='ltr'><strong>indicabimus</strong></span> <span class='ocrx_word' id='word_1_54' title='bbox 699 1276 726 1324; x_wconf 88' lang='lat' dir='ltr'><strong>in</strong></span> 
     </span>
     <span class='ocr_line' id='line_1_13' title="bbox 188 1345 726 1410; baseline -0.004 -14"><span class='ocrx_word' id='word_1_55' title='bbox 188 1351 258 1396; x_wconf 88' lang='lat' dir='ltr'><strong>nott.</strong></span> <span class='ocrx_word' id='word_1_56' title='bbox 281 1345 318 1395; x_wconf 78' lang='lat' dir='ltr'><strong>nd</strong></span> <span class='ocrx_word' id='word_1_57' title='bbox 338 1345 406 1408; x_wconf 85' lang='lat' dir='ltr'><strong>vn,</strong></span> <span class='ocrx_word' id='word_1_58' title='bbox 435 1346 490 1397; x_wconf 82' lang='lat'>198.</span> <span class='ocrx_word' id='word_1_59' title='bbox 540 1346 616 1396; x_wconf 84' lang='lat' dir='ltr'><strong>Haec</strong></span> <span class='ocrx_word' id='word_1_60' title='bbox 642 1345 726 1410; x_wconf 84' lang='lat' dir='ltr'><strong>regio,</strong></span> 
     </span>
     <span class='ocr_line' id='line_1_14' title="bbox 188 1415 728 1481; baseline 0 -16"><span class='ocrx_word' id='word_1_61' title='bbox 188 1431 257 1481; x_wconf 82' lang='lat' dir='ltr'><strong>quae</strong></span> <span class='ocrx_word' id='word_1_62' title='bbox 282 1416 364 1464; x_wconf 83' lang='lat' dir='ltr'><strong>marie</strong></span> <span class='ocrx_word' id='word_1_63' title='bbox 389 1415 557 1480; x_wconf 76' lang='lat' dir='ltr'><strong>superficiem</strong></span> <span class='ocrx_word' id='word_1_64' title='bbox 582 1415 728 1466; x_wconf 74' lang='lat' dir='ltr'><strong>altitudine</strong></span> 
     </span>
    </p>
   </div>
   <div class='ocr_carea' id='block_1_5' title="bbox 187 1483 731 1550">
    <p class='ocr_par' dir='ltr' id='par_1_5' title="bbox 187 1483 731 1550">
     <span class='ocr_line' id='line_1_15' title="bbox 187 1483 731 1550; baseline -0.004 -14"><span class='ocrx_word' id='word_1_65' title='bbox 187 1486 234 1536; x_wconf 85' lang='lat' dir='ltr'><strong>vix</strong></span> <span class='ocrx_word' id='word_1_66' title='bbox 255 1491 381 1550; x_wconf 83' lang='lat' dir='ltr'><strong>ruperat,</strong></span> <span class='ocrx_word' id='word_1_67' title='bbox 403 1485 513 1535; x_wconf 83' lang='lat' dir='ltr'><strong>humida</strong></span> <span class='ocrx_word' id='word_1_68' title='bbox 532 1489 575 1535; x_wconf 83' lang='lat' dir='ltr'><strong>ert</strong></span> <span class='ocrx_word' id='word_1_69' title='bbox 597 1501 630 1535; x_wconf 84' lang='lat' dir='ltr'><strong>ac</strong></span> <span class='ocrx_word' id='word_1_70' title='bbox 652 1483 731 1549; x_wconf 89' lang='lat' dir='ltr'><strong>palu-</strong></span> 
     </span>
    </p>
   </div>
   <div class='ocr_carea' id='block_1_6' title="bbox 185 1554 728 2387">
    <p class='ocr_par' dir='ltr' id='par_1_6' title="bbox 186 1554 728 2249">
     <span class='ocr_line' id='line_1_16' title="bbox 189 1554 728 1619; baseline 0 -15"><span class='ocrx_word' id='word_1_71' title='bbox 189 1554 269 1612; x_wconf 84' lang='lat' dir='ltr'><strong>doee;</strong></span> <span class='ocrx_word' id='word_1_72' title='bbox 295 1556 442 1619; x_wconf 76' lang='lat' dir='ltr'><strong>quotannis</strong></span> <span class='ocrx_word' id='word_1_73' title='bbox 463 1555 520 1604; x_wconf 83' lang='lat' dir='ltr'><strong>lere</strong></span> <span class='ocrx_word' id='word_1_74' title='bbox 537 1555 668 1604; x_wconf 82' lang='lat' dir='ltr'><strong>inundata</strong></span> <span class='ocrx_word' id='word_1_75' title='bbox 688 1556 728 1604; x_wconf 89' lang='lat' dir='ltr'><strong>in-</strong></span> 
     </span>
     <span class='ocr_line' id='line_1_17' title="bbox 187 1623 726 1689; baseline -0.002 -15"><span class='ocrx_word' id='word_1_76' title='bbox 187 1623 274 1688; x_wconf 86' lang='lat' dir='ltr'><strong>deque</strong></span> <span class='ocrx_word' id='word_1_77' title='bbox 286 1625 402 1674; x_wconf 84' lang='lat' dir='ltr'><strong>maxime</strong></span> <span class='ocrx_word' id='word_1_78' title='bbox 414 1630 555 1689; x_wconf 76' lang='lat' dir='ltr'><strong>stagnans.</strong></span> <span class='ocrx_word' id='word_1_79' title='bbox 579 1625 658 1674; x_wconf 84' lang='lat' dir='ltr'><strong>Unde</strong></span> <span class='ocrx_word' id='word_1_80' title='bbox 669 1627 726 1686; x_wconf 73' lang='lat' dir='ltr'><strong>aiir,</strong></span> 
     </span>
     <span class='ocr_line' id='line_1_18' title="bbox 187 1695 727 1759; baseline 0 -15"><span class='ocrx_word' id='word_1_81' title='bbox 187 1695 293 1744; x_wconf 81' lang='lat' dir='ltr'><strong>aestivo</strong></span> <span class='ocrx_word' id='word_1_82' title='bbox 305 1695 420 1744; x_wconf 83' lang='lat' dir='ltr'><strong>maximo</strong></span> <span class='ocrx_word' id='word_1_83' title='bbox 434 1697 566 1758; x_wconf 80' lang='lat' dir='ltr'><strong>tompore.</strong></span> <span class='ocrx_word' id='word_1_84' title='bbox 582 1699 727 1759; x_wconf 82' lang='lat' dir='ltr'><strong>corruptus</strong></span> 
     </span>
     <span class='ocr_line' id='line_1_19' title="bbox 189 1763 726 1829; baseline -0.002 -16"><span class='ocrx_word' id='word_1_85' title='bbox 189 1769 217 1813; x_wconf 93' lang='lat' dir='ltr'><strong>et</strong></span> <span class='ocrx_word' id='word_1_86' title='bbox 226 1764 348 1824; x_wconf 80' lang='lat' dir='ltr'><strong>nocivus,</strong></span> <span class='ocrx_word' id='word_1_87' title='bbox 359 1766 405 1828; x_wconf 88' lang='lat' dir='ltr'><strong>qui</strong></span> <span class='ocrx_word' id='word_1_88' title='bbox 418 1765 536 1829; x_wconf 79' lang='lat' dir='ltr'><strong>regionis</strong></span> <span class='ocrx_word' id='word_1_89' title='bbox 545 1763 649 1813; x_wconf 80' lang='lat' dir='ltr'><strong>incolae</strong></span> <span class='ocrx_word' id='word_1_90' title='bbox 660 1763 726 1814; x_wconf 88' lang='lat' dir='ltr'><strong>mul·</strong></span> 
     </span>
     <span class='ocr_line' id='line_1_20' title="bbox 188 1833 724 1899; baseline 0.002 -17"><span class='ocrx_word' id='word_1_91' title='bbox 188 1839 245 1883; x_wconf 87' lang='lat' dir='ltr'><strong>tum</strong></span> <span class='ocrx_word' id='word_1_92' title='bbox 258 1833 364 1899; x_wconf 75' lang='lat' dir='ltr'><strong>affligit.</strong></span> <span class='ocrx_word' id='word_1_93' title='bbox 401 1833 454 1883; x_wconf 85' lang='lat' dir='ltr'><strong>Sed</strong></span> <span class='ocrx_word' id='word_1_94' title='bbox 467 1847 552 1898; x_wconf 84' lang='lat' dir='ltr'><strong>prope</strong></span> <span class='ocrx_word' id='word_1_95' title='bbox 563 1833 724 1893; x_wconf 86' lang='lat' dir='ltr'><strong>Zoitnnium,</strong></span> 
     </span>
     <span class='ocr_line' id='line_1_21' title="bbox 188 1903 726 1969; baseline 0.002 -17"><span class='ocrx_word' id='word_1_96' title='bbox 188 1903 234 1953; x_wconf 86' lang='lat' dir='ltr'><strong>ubi</strong></span> <span class='ocrx_word' id='word_1_97' title='bbox 246 1903 327 1953; x_wconf 82' lang='lat' dir='ltr'><strong>altior</strong></span> <span class='ocrx_word' id='word_1_98' title='bbox 338 1909 410 1954; x_wconf 79' lang='lat' dir='ltr'><strong>terra</strong></span> <span class='ocrx_word' id='word_1_99' title='bbox 426 1908 453 1954; x_wconf 91' lang='lat' dir='ltr'><strong>et</strong></span> <span class='ocrx_word' id='word_1_100' title='bbox 465 1905 577 1962; x_wconf 73' lang='lat' dir='ltr'><strong>siccior,</strong></span> <span class='ocrx_word' id='word_1_101' title='bbox 595 1904 669 1969; x_wconf 89' lang='lat' dir='ltr'><strong>regio</strong></span> <span class='ocrx_word' id='word_1_102' title='bbox 687 1904 726 1953; x_wconf 81' lang='lat' dir='ltr'><strong>le·</strong></span> 
     </span>
     <span class='ocr_line' id='line_1_22' title="bbox 187 1972 724 2035; baseline 0 -13"><span class='ocrx_word' id='word_1_103' title='bbox 187 1973 330 2023; x_wconf 79' lang='lat' dir='ltr'><strong>rocireima</strong></span> <span class='ocrx_word' id='word_1_104' title='bbox 354 1979 396 2023; x_wconf 84' lang='lat' dir='ltr'><strong>eet</strong></span> <span class='ocrx_word' id='word_1_105' title='bbox 417 1974 533 2023; x_wconf 85' lang='lat' dir='ltr'><strong>omnium</strong></span> <span class='ocrx_word' id='word_1_106' title='bbox 553 1972 610 2024; x_wconf 83' lang='lat' dir='ltr'><strong>fere</strong></span> <span class='ocrx_word' id='word_1_107' title='bbox 625 1988 724 2035; x_wconf 87' lang='lat' dir='ltr'><strong>rerum,</strong></span> 
     </span>
     <span class='ocr_line' id='line_1_23' title="bbox 186 2042 724 2109; baseline -0.004 -15"><span class='ocrx_word' id='word_1_108' title='bbox 186 2044 333 2109; x_wconf 84' lang='lat' dir='ltr'><strong>eademqne</strong></span> <span class='ocrx_word' id='word_1_109' title='bbox 345 2042 523 2093; x_wconf 76' lang='lat' dir='ltr'><strong>saluberrima</strong></span> <span class='ocrx_word' id='word_1_110' title='bbox 535 2043 724 2094; x_wconf 74' lang='lat' dir='ltr'><strong>laetissimam·</strong></span> 
     </span>
     <span class='ocr_line' id='line_1_24' title="bbox 186 2113 723 2180; baseline -0.004 -16"><span class='ocrx_word' id='word_1_111' title='bbox 186 2127 238 2176; x_wconf 76' lang='lat' dir='ltr'><strong>que</strong></span> <span class='ocrx_word' id='word_1_112' title='bbox 247 2113 378 2178; x_wconf 71' lang='lat' dir='ltr'><strong>praebens</strong></span> <span class='ocrx_word' id='word_1_113' title='bbox 389 2114 515 2180; x_wconf 76' lang='lat' dir='ltr'><strong>speciem.</strong></span> <span class='ocrx_word' id='word_1_114' title='bbox 531 2113 594 2164; x_wconf 86' lang='lat' dir='ltr'><strong>Vid.</strong></span> <span class='ocrx_word' id='word_1_115' title='bbox 605 2113 723 2179; x_wconf 83' lang='lat' dir='ltr'><strong>Kriegk:</strong></span> 
     </span>
     <span class='ocr_line' id='line_1_25' title="bbox 186 2183 722 2249; baseline -0.002 -17"><span class='ocrx_word' id='word_1_116' title='bbox 186 2183 229 2232; x_wconf 86' lang='lat' dir='ltr'><strong>De</strong></span> <span class='ocrx_word' id='word_1_117' title='bbox 241 2183 380 2234; x_wconf 83' lang='lat' dir='ltr'><strong>Malienee.</strong></span> <span class='ocrx_word' id='word_1_118' title='bbox 396 2183 473 2248; x_wconf 79' lang='lat' dir='ltr'><strong>Diep.</strong></span> <span class='ocrx_word' id='word_1_119' title='bbox 486 2198 576 2248; x_wconf 87' lang='lat' dir='ltr'><strong>geogr.</strong></span> <span class='ocrx_word' id='word_1_120' title='bbox 586 2201 612 2249; x_wconf 89' lang='lat' dir='ltr'><strong>p.</strong></span> <span class='ocrx_word' id='word_1_121' title='bbox 627 2183 667 2234; x_wconf 80' lang='lat'><strong>18.</strong></span> <span class='ocrx_word' id='word_1_122' title='bbox 681 2183 722 2234; x_wconf 86' lang='grc'><strong>19.</strong></span> 
     </span>
    </p>

    <p class='ocr_par' dir='ltr' id='par_1_7' title="bbox 185 2243 725 2387">
     <span class='ocr_line' id='line_1_26' title="bbox 220 2243 725 2316; baseline 0 -16"><span class='ocrx_word' id='word_1_123' title='bbox 220 2243 283 2301; x_wconf 81' lang='grc' dir='ltr'><strong><em>ἀλλ’</em></strong></span> <span class='ocrx_word' id='word_1_124' title='bbox 304 2244 449 2316; x_wconf 73' lang='grc' dir='ltr'><strong><em>ἔμπροσθέ</em></strong></span> <span class='ocrx_word' id='word_1_125' title='bbox 472 2267 501 2302; x_wconf 85' lang='grc' dir='ltr'><strong>τε</strong></span> <span class='ocrx_word' id='word_1_126' title='bbox 519 2245 725 2314; x_wconf 74' lang='grc' dir='ltr'><strong><em>Θερμοπυλέων</em></strong></span> 
     </span>
     <span class='ocr_line' id='line_1_27' title="bbox 185 2310 725 2387; baseline 0.004 -17"><span class='ocrx_word' id='word_1_127' title='bbox 185 2316 234 2370; x_wconf 75' lang='grc' dir='ltr'><strong>πολ</strong></span> <span class='ocrx_word' id='word_1_128' title='bbox 255 2310 370 2387; x_wconf 75' lang='grc' dir='ltr'><strong><em>ὄπισθε]</em></strong></span> <span class='ocrx_word' id='word_1_129' title='bbox 401 2314 547 2387; x_wconf 76' lang='grc' dir='ltr'><strong><em>ἔμπροσθε</em></strong></span> <span class='ocrx_word' id='word_1_130' title='bbox 570 2321 725 2374; x_wconf 80' lang='lat' dir='ltr'><strong>Tlerralr&#39;am</strong></span> 
     </span>
    </p>
   </div>
   <div class='ocr_carea' id='block_1_7' title="bbox 774 705 1318 2386">
    <p class='ocr_par' dir='ltr' id='par_1_8' title="bbox 774 705 1318 2386">
     <span class='ocr_line' id='line_1_28' title="bbox 777 705 1318 780; baseline 0 -14"><span class='ocrx_word' id='word_1_131' title='bbox 777 732 865 766; x_wconf 79' lang='lat' dir='ltr'><strong>verene</strong></span> <span class='ocrx_word' id='word_1_132' title='bbox 873 716 989 780; x_wconf 79' lang='lat' dir='ltr'><strong>accipio,</strong></span> <span class='ocrx_word' id='word_1_133' title='bbox 1002 705 1107 764; x_wconf 81' lang='grc' dir='ltr'><strong><em>ὄπισθε</em></strong></span> <span class='ocrx_word' id='word_1_134' title='bbox 1119 715 1246 765; x_wconf 78' lang='lat' dir='ltr'><strong>Boeotiam</strong></span> <span class='ocrx_word' id='word_1_135' title='bbox 1258 731 1318 766; x_wconf 83' lang='lat' dir='ltr'><strong>rcr-</strong></span> 
     </span>
     <span class='ocr_line' id='line_1_29' title="bbox 779 783 1316 851; baseline 0.002 -15"><span class='ocrx_word' id='word_1_136' title='bbox 779 803 833 837; x_wconf 74' lang='grc' dir='ltr'><strong>σοι.</strong></span> <span class='ocrx_word' id='word_1_137' title='bbox 865 787 1045 851; x_wconf 71' lang='lat' dir='ltr'><strong>Thermopylas</strong></span> <span class='ocrx_word' id='word_1_138' title='bbox 1058 787 1092 836; x_wconf 86' lang='lat' dir='ltr'><strong>ab</strong></span> <span class='ocrx_word' id='word_1_139' title='bbox 1105 783 1185 833; x_wconf 88' lang='lat' dir='ltr'><strong>huiue</strong></span> <span class='ocrx_word' id='word_1_140' title='bbox 1198 785 1316 849; x_wconf 76' lang='lat' dir='ltr'><strong>regionis</strong></span> 
     </span>
     <span class='ocr_line' id='line_1_30' title="bbox 779 851 1314 919; baseline 0.004 -15"><span class='ocrx_word' id='word_1_141' title='bbox 779 855 875 908; x_wconf 79' lang='lat' dir='ltr'><strong>incolis</strong></span> <span class='ocrx_word' id='word_1_142' title='bbox 887 857 969 905; x_wconf 83' lang='lat' dir='ltr'><strong>etiam</strong></span> <span class='ocrx_word' id='word_1_143' title='bbox 985 851 1081 910; x_wconf 76' lang='grc' dir='ltr'><strong><em>Πύλας</em></strong></span> <span class='ocrx_word' id='word_1_144' title='bbox 1094 853 1254 919; x_wconf 74' lang='lat' dir='ltr'><strong>simpliciter</strong></span> <span class='ocrx_word' id='word_1_145' title='bbox 1269 871 1314 906; x_wconf 80' lang='grc' dir='ltr'><strong>οσ-</strong></span> 
     </span>
     <span class='ocr_line' id='line_1_31' title="bbox 777 924 1317 992; baseline 0.002 -17"><span class='ocrx_word' id='word_1_146' title='bbox 777 927 834 976; x_wconf 82' lang='lat' dir='ltr'><strong>ceri</strong></span> <span class='ocrx_word' id='word_1_147' title='bbox 846 924 960 992; x_wconf 83' lang='lat' dir='ltr'><strong>legimus</strong></span> <span class='ocrx_word' id='word_1_148' title='bbox 973 925 1035 987; x_wconf 93' lang='lat' dir='ltr'><strong>Vll,</strong></span> <span class='ocrx_word' id='word_1_149' title='bbox 1047 925 1096 975; x_wconf 80' lang='lat'><strong>201</strong></span> <span class='ocrx_word' id='word_1_150' title='bbox 1116 928 1143 973; x_wconf 88' lang='lat' dir='ltr'><strong>et</strong></span> <span class='ocrx_word' id='word_1_151' title='bbox 1156 927 1227 989; x_wconf 74' lang='lat' dir='ltr'><strong>apud</strong></span> <span class='ocrx_word' id='word_1_152' title='bbox 1242 924 1317 976; x_wconf 83' lang='lat' dir='ltr'><strong>Stra·</strong></span> 
     </span>
     <span class='ocr_line' id='line_1_32' title="bbox 778 993 1315 1060; baseline 0.004 -16"><span class='ocrx_word' id='word_1_153' title='bbox 778 995 840 1044; x_wconf 92' lang='lat' dir='ltr'><strong>bon.</strong></span> <span class='ocrx_word' id='word_1_154' title='bbox 855 995 902 1044; x_wconf 88' lang='lat' dir='ltr'><strong>IX.</strong></span> <span class='ocrx_word' id='word_1_155' title='bbox 924 1012 949 1060; x_wconf 94' lang='lat' dir='ltr'><strong>p.</strong></span> <span class='ocrx_word' id='word_1_156' title='bbox 966 993 1018 1045; x_wconf 78' lang='lat'><strong>428</strong></span> <span class='ocrx_word' id='word_1_157' title='bbox 1039 1011 1060 1044; x_wconf 88' lang='lat' dir='ltr'><strong>e.</strong></span> <span class='ocrx_word' id='word_1_158' title='bbox 1074 993 1162 1045; x_wconf 75' lang='lat'><strong>6553.</strong></span> <span class='ocrx_word' id='word_1_159' title='bbox 1181 993 1241 1044; x_wconf 87' lang='lat' dir='ltr'><strong>coll.</strong></span> <span class='ocrx_word' id='word_1_160' title='bbox 1254 995 1315 1046; x_wconf 85' lang='lat' dir='ltr'><strong>Liv.</strong></span> 
     </span>
     <span class='ocr_line' id='line_1_33' title="bbox 777 1063 1314 1130; baseline -0.004 -16"><span class='ocrx_word' id='word_1_161' title='bbox 777 1065 901 1125; x_wconf 83' lang='lat' dir='ltr'><strong>xxxvl,</strong></span> <span class='ocrx_word' id='word_1_162' title='bbox 912 1066 956 1115; x_wconf 85' lang='lat'><strong>15:</strong></span> <span class='ocrx_word' id='word_1_163' title='bbox 970 1064 1056 1126; x_wconf 81' lang='lat' dir='ltr'><strong>„Ideo</strong></span> <span class='ocrx_word' id='word_1_164' title='bbox 1065 1063 1146 1130; x_wconf 79' lang='lat' dir='ltr'><strong>Pylae</strong></span> <span class='ocrx_word' id='word_1_165' title='bbox 1158 1070 1186 1114; x_wconf 84' lang='lat' dir='ltr'><strong>et</strong></span> <span class='ocrx_word' id='word_1_166' title='bbox 1199 1064 1233 1113; x_wconf 84' lang='lat' dir='ltr'><strong>ab</strong></span> <span class='ocrx_word' id='word_1_167' title='bbox 1243 1064 1314 1128; x_wconf 77' lang='lat' dir='ltr'><strong>aliie,</strong></span> 
     </span>
     <span class='ocr_line' id='line_1_34' title="bbox 778 1134 1315 1200; baseline 0 -16"><span class='ocrx_word' id='word_1_168' title='bbox 778 1135 841 1200; x_wconf 83' lang='lat' dir='ltr'><strong>quia</strong></span> <span class='ocrx_word' id='word_1_169' title='bbox 851 1134 955 1184; x_wconf 75' lang='lat' dir='ltr'><strong>calidae</strong></span> <span class='ocrx_word' id='word_1_170' title='bbox 964 1150 1051 1200; x_wconf 75' lang='lat' dir='ltr'><strong>aquae</strong></span> <span class='ocrx_word' id='word_1_171' title='bbox 1067 1135 1093 1182; x_wconf 90' lang='lat' dir='ltr'><strong>in</strong></span> <span class='ocrx_word' id='word_1_172' title='bbox 1106 1135 1175 1198; x_wconf 82' lang='lat' dir='ltr'><strong>ipeie</strong></span> <span class='ocrx_word' id='word_1_173' title='bbox 1190 1134 1315 1184; x_wconf 73' lang='lat' dir='ltr'><strong>faucibus</strong></span> 
     </span>
     <span class='ocr_line' id='line_1_35' title="bbox 777 1201 1314 1270; baseline -0.002 -16"><span class='ocrx_word' id='word_1_174' title='bbox 777 1209 850 1265; x_wconf 84' lang='lat' dir='ltr'><strong>eunt,</strong></span> <span class='ocrx_word' id='word_1_175' title='bbox 860 1203 883 1252; x_wconf 87' lang='grc' dir='ltr'><em>Τ</em></span> <span class='ocrx_word' id='word_1_176' title='bbox 882 1201 1040 1270; x_wconf 74' lang='lat' dir='ltr'><strong>lermoppla&#39;e</strong></span> <span class='ocrx_word' id='word_1_177' title='bbox 1048 1203 1122 1253; x_wconf 85' lang='lat' dir='ltr'><strong>locus</strong></span> <span class='ocrx_word' id='word_1_178' title='bbox 1134 1203 1314 1268; x_wconf 79' lang='lat' dir='ltr'><strong>appellatur.“</strong></span> 
     </span>
     <span class='ocr_line' id='line_1_36' title="bbox 776 1273 1315 1340; baseline 0.002 -17"><span class='ocrx_word' id='word_1_179' title='bbox 776 1275 846 1325; x_wconf 81' lang='lat' dir='ltr'><strong>Add.</strong></span> <span class='ocrx_word' id='word_1_180' title='bbox 865 1274 971 1324; x_wconf 82' lang='lat' dir='ltr'><strong>Aelian.</strong></span> <span class='ocrx_word' id='word_1_181' title='bbox 991 1276 1024 1324; x_wconf 91' lang='lat' dir='ltr'><strong>V.</strong></span> <span class='ocrx_word' id='word_1_182' title='bbox 1040 1274 1074 1322; x_wconf 86' lang='grc' dir='ltr'><strong>Η.</strong></span> <span class='ocrx_word' id='word_1_183' title='bbox 1092 1273 1151 1334; x_wconf 87' lang='grc' dir='ltr'>ΙΙΙ,</span> <span class='ocrx_word' id='word_1_184' title='bbox 1172 1274 1204 1323; x_wconf 76' lang='grc'><strong>25</strong></span> <span class='ocrx_word' id='word_1_185' title='bbox 1226 1275 1315 1340; x_wconf 88' lang='lat' dir='ltr'><strong>etqui</strong></span> 
     </span>
     <span class='ocr_line' id='line_1_37' title="bbox 777 1342 1315 1409; baseline 0.004 -17"><span class='ocrx_word' id='word_1_186' title='bbox 777 1343 856 1407; x_wconf 79' lang='lat' dir='ltr'><strong>pluro</strong></span> <span class='ocrx_word' id='word_1_187' title='bbox 869 1343 979 1409; x_wconf 78' lang='lat' dir='ltr'><strong>collegit</strong></span> <span class='ocrx_word' id='word_1_188' title='bbox 991 1342 1143 1394; x_wconf 78' lang='grc' dir='ltr'><strong><em>Τιισλιοολι.</em></strong></span> <span class='ocrx_word' id='word_1_189' title='bbox 1155 1343 1190 1392; x_wconf 82' lang='lat' dir='ltr'><strong>ad</strong></span> <span class='ocrx_word' id='word_1_190' title='bbox 1199 1343 1264 1394; x_wconf 85' lang='lat' dir='ltr'><strong>Mel.</strong></span> <span class='ocrx_word' id='word_1_191' title='bbox 1276 1345 1315 1408; x_wconf 89' lang='lat' dir='ltr'><strong>ll,</strong></span> 
     </span>
     <span class='ocr_line' id='line_1_38' title="bbox 776 1413 1314 1479; baseline -0.019 -15"><span class='ocrx_word' id='word_1_192' title='bbox 776 1413 803 1464; x_wconf 81' lang='lat'><strong>3.</strong></span> <span class='ocrx_word' id='word_1_193' title='bbox 821 1418 845 1478; x_wconf 63' lang='grc' dir='ltr'><strong>ξ.</strong></span> <span class='ocrx_word' id='word_1_194' title='bbox 858 1414 883 1464; x_wconf 83' lang='lat' dir='ltr'><strong>o.</strong></span> <span class='ocrx_word' id='word_1_195' title='bbox 904 1430 965 1478; x_wconf 74' lang='lat' dir='ltr'><strong>pag.</strong></span> <span class='ocrx_word' id='word_1_196' title='bbox 980 1413 1030 1463; x_wconf 79' lang='lat'><strong>267</strong></span> <span class='ocrx_word' id='word_1_197' title='bbox 1047 1417 1108 1461; x_wconf 88' lang='lat' dir='ltr'><strong>nott</strong></span> <span class='ocrx_word' id='word_1_198' title='bbox 1127 1427 1225 1479; x_wconf 78' lang='lat' dir='ltr'><strong>¹exegg.</strong></span> <span class='ocrx_word' id='word_1_199' title='bbox 1260 1415 1314 1465; x_wconf 74' lang='lat' dir='ltr'><strong>Ex.</strong></span> 
     </span>
     <span class='ocr_line' id='line_1_39' title="bbox 778 1483 1314 1547; baseline 0.004 -15"><span class='ocrx_word' id='word_1_200' title='bbox 778 1487 853 1532; x_wconf 81' lang='lat' dir='ltr'><strong>etent</strong></span> <span class='ocrx_word' id='word_1_201' title='bbox 874 1489 963 1534; x_wconf 85' lang='lat' dir='ltr'><strong>autem</strong></span> <span class='ocrx_word' id='word_1_202' title='bbox 983 1484 1104 1547; x_wconf 83' lang='lat' dir='ltr'><strong>primarii</strong></span> <span class='ocrx_word' id='word_1_203' title='bbox 1119 1489 1239 1534; x_wconf 86' lang='lat' dir='ltr'><strong>veterum</strong></span> <span class='ocrx_word' id='word_1_204' title='bbox 1260 1483 1314 1534; x_wconf 90' lang='lat' dir='ltr'><strong>loci</strong></span> 
     </span>
     <span class='ocr_line' id='line_1_40' title="bbox 777 1552 1315 1617; baseline 0 -15"><span class='ocrx_word' id='word_1_205' title='bbox 777 1553 810 1602; x_wconf 88' lang='lat' dir='ltr'><strong>de</strong></span> <span class='ocrx_word' id='word_1_206' title='bbox 821 1553 1007 1617; x_wconf 79' lang='lat' dir='ltr'><strong>Thermopylis</strong></span> <span class='ocrx_word' id='word_1_207' title='bbox 1020 1567 1079 1602; x_wconf 88' lang='lat' dir='ltr'><strong>oum</strong></span> <span class='ocrx_word' id='word_1_208' title='bbox 1092 1552 1231 1604; x_wconf 89' lang='lat' dir='ltr'><strong>Herodoto</strong></span> <span class='ocrx_word' id='word_1_209' title='bbox 1244 1569 1315 1604; x_wconf 84' lang='lat' dir='ltr'><strong>com·</strong></span> 
     </span>
     <span class='ocr_line' id='line_1_41' title="bbox 776 1623 1313 1687; baseline 0.004 -15"><span class='ocrx_word' id='word_1_210' title='bbox 776 1623 892 1687; x_wconf 81' lang='lat' dir='ltr'><strong>parendi</strong></span> <span class='ocrx_word' id='word_1_211' title='bbox 912 1626 982 1686; x_wconf 83' lang='lat' dir='ltr'><strong>opud</strong></span> <span class='ocrx_word' id='word_1_212' title='bbox 1003 1624 1110 1672; x_wconf 83' lang='lat' dir='ltr'><strong>Livium</strong></span> <span class='ocrx_word' id='word_1_213' title='bbox 1129 1623 1259 1683; x_wconf 86' lang='lat' dir='ltr'>XXXVI,</span> <span class='ocrx_word' id='word_1_214' title='bbox 1281 1623 1313 1675; x_wconf 85' lang='lat'><strong>15</strong></span> 
     </span>
     <span class='ocr_line' id='line_1_42' title="bbox 776 1691 1314 1758; baseline 0.004 -16"><span class='ocrx_word' id='word_1_215' title='bbox 776 1691 839 1742; x_wconf 88' lang='lat' dir='ltr'><strong>coll.</strong></span> <span class='ocrx_word' id='word_1_216' title='bbox 857 1694 897 1743; x_wconf 85' lang='lat' dir='ltr'><strong>lli.</strong></span> <span class='ocrx_word' id='word_1_217' title='bbox 921 1692 1048 1744; x_wconf 80' lang='lat' dir='ltr'><strong>Strabon.</strong></span> <span class='ocrx_word' id='word_1_218' title='bbox 1060 1691 1078 1742; x_wconf 85' lang='lat' dir='ltr'><strong>l.</strong></span> <span class='ocrx_word' id='word_1_219' title='bbox 1091 1692 1107 1740; x_wconf 92' lang='lat' dir='ltr'><strong>l.</strong></span> <span class='ocrx_word' id='word_1_220' title='bbox 1126 1694 1240 1758; x_wconf 82' lang='lat' dir='ltr'><strong>Appien.</strong></span> <span class='ocrx_word' id='word_1_221' title='bbox 1253 1694 1314 1758; x_wconf 80' lang='lat' dir='ltr'><strong>Syr.</strong></span> 
     </span>
     <span class='ocr_line' id='line_1_43' title="bbox 778 1762 1314 1826; baseline 0.004 -14"><span class='ocrx_word' id='word_1_222' title='bbox 778 1763 819 1812; x_wconf 89' lang='grc'><strong>17.</strong></span> <span class='ocrx_word' id='word_1_223' title='bbox 849 1762 925 1813; x_wconf 89' lang='lat' dir='ltr'><strong>Inter</strong></span> <span class='ocrx_word' id='word_1_224' title='bbox 937 1763 1100 1813; x_wconf 73' lang='lat' dir='ltr'><strong>recentiores</strong></span> <span class='ocrx_word' id='word_1_225' title='bbox 1116 1769 1224 1826; x_wconf 83' lang='lat' dir='ltr'><strong>praeter</strong></span> <span class='ocrx_word' id='word_1_226' title='bbox 1236 1765 1314 1814; x_wconf 82' lang='lat' dir='ltr'><strong>Men-</strong></span> 
     </span>
     <span class='ocr_line' id='line_1_44' title="bbox 776 1832 1313 1898; baseline 0.004 -16"><span class='ocrx_word' id='word_1_227' title='bbox 776 1837 846 1886; x_wconf 82' lang='lat' dir='ltr'><strong>nert.</strong></span> <span class='ocrx_word' id='word_1_228' title='bbox 861 1833 922 1882; x_wconf 90' lang='lat' dir='ltr'>VII.</span> <span class='ocrx_word' id='word_1_229' title='bbox 936 1849 962 1898; x_wconf 89' lang='lat' dir='ltr'><strong>p.</strong></span> <span class='ocrx_word' id='word_1_230' title='bbox 974 1832 1026 1882; x_wconf 76' lang='lat'><strong>6⁸22</strong></span> <span class='ocrx_word' id='word_1_231' title='bbox 1040 1847 1115 1896; x_wconf 81' lang='lat' dir='ltr'><strong>eeqq.</strong></span> <span class='ocrx_word' id='word_1_232' title='bbox 1132 1833 1187 1886; x_wconf 84' lang='lat' dir='ltr'><strong>vid.</strong></span> <span class='ocrx_word' id='word_1_233' title='bbox 1201 1834 1313 1898; x_wconf 80' lang='lat' dir='ltr'><strong>potieri-</strong></span> 
     </span>
     <span class='ocr_line' id='line_1_45' title="bbox 775 1901 1312 1968; baseline 0.006 -17"><span class='ocrx_word' id='word_1_234' title='bbox 775 1917 846 1951; x_wconf 91' lang='lat' dir='ltr'><strong>mnm</strong></span> <span class='ocrx_word' id='word_1_235' title='bbox 861 1903 962 1952; x_wconf 85' lang='lat' dir='ltr'><strong>Krure:</strong></span> <span class='ocrx_word' id='word_1_236' title='bbox 980 1901 1075 1952; x_wconf 77' lang='lat' dir='ltr'><strong>Hellas</strong></span> <span class='ocrx_word' id='word_1_237' title='bbox 1089 1901 1132 1962; x_wconf 89' lang='lat'><strong>11,</strong></span> <span class='ocrx_word' id='word_1_238' title='bbox 1145 1903 1169 1950; x_wconf 76' lang='lat'><strong>2.</strong></span> <span class='ocrx_word' id='word_1_239' title='bbox 1187 1919 1248 1968; x_wconf 81' lang='lat' dir='ltr'><strong>pag.</strong></span> <span class='ocrx_word' id='word_1_240' title='bbox 1264 1905 1312 1954; x_wconf 76' lang='lat'><strong>124</strong></span> 
     </span>
     <span class='ocr_line' id='line_1_46' title="bbox 774 1970 1310 2039; baseline 0 -17"><span class='ocrx_word' id='word_1_241' title='bbox 774 1988 865 2038; x_wconf 66' lang='grc' dir='ltr'><strong><em>ποορ,</em></strong></span> <span class='ocrx_word' id='word_1_242' title='bbox 885 1971 1089 2022; x_wconf 85' lang='lat' dir='ltr'><strong>Vandonconrt.</strong></span> <span class='ocrx_word' id='word_1_243' title='bbox 1108 1970 1125 2021; x_wconf 92' lang='grc'><strong>1.</strong></span> <span class='ocrx_word' id='word_1_244' title='bbox 1140 1971 1157 2020; x_wconf 93' lang='lat' dir='ltr'><strong>l.</strong></span> <span class='ocrx_word' id='word_1_245' title='bbox 1170 1989 1230 2038; x_wconf 87' lang='lat' dir='ltr'><strong>cap.</strong></span> <span class='ocrx_word' id='word_1_246' title='bbox 1245 1973 1271 2024; x_wconf 86' lang='lat' dir='ltr'><strong>o.</strong></span> <span class='ocrx_word' id='word_1_247' title='bbox 1284 1989 1310 2039; x_wconf 91' lang='lat' dir='ltr'><strong>p.</strong></span> 
     </span>
     <span class='ocr_line' id='line_1_47' title="bbox 776 2040 1313 2107; baseline 0.002 -16"><span class='ocrx_word' id='word_1_248' title='bbox 776 2043 827 2092; x_wconf 76' lang='lat'><strong>279</strong></span> <span class='ocrx_word' id='word_1_249' title='bbox 840 2057 925 2107; x_wconf 67' lang='lat' dir='ltr'><strong>seqq„</strong></span> <span class='ocrx_word' id='word_1_250' title='bbox 940 2040 1070 2093; x_wconf 83' lang='lat' dir='ltr'><strong>Dodwell.</strong></span> <span class='ocrx_word' id='word_1_251' title='bbox 1086 2040 1103 2089; x_wconf 94' lang='lat' dir='ltr'><strong>l.</strong></span> <span class='ocrx_word' id='word_1_252' title='bbox 1117 2041 1135 2091; x_wconf 92' lang='lat' dir='ltr'><strong>l.</strong></span> <span class='ocrx_word' id='word_1_253' title='bbox 1150 2058 1174 2106; x_wconf 92' lang='lat' dir='ltr'><strong>p.</strong></span> <span class='ocrx_word' id='word_1_254' title='bbox 1195 2043 1243 2094; x_wconf 84' lang='lat'><strong>138</strong></span> <span class='ocrx_word' id='word_1_255' title='bbox 1255 2058 1313 2107; x_wconf 81' lang='lat' dir='ltr'><strong>req.</strong></span> 
     </span>
     <span class='ocr_line' id='line_1_48' title="bbox 776 2110 1314 2176; baseline 0 -14"><span class='ocrx_word' id='word_1_256' title='bbox 776 2118 804 2163; x_wconf 87' lang='lat' dir='ltr'><strong>et</strong></span> <span class='ocrx_word' id='word_1_257' title='bbox 821 2125 887 2176; x_wconf 84' lang='lat' dir='ltr'><strong>quor</strong></span> <span class='ocrx_word' id='word_1_258' title='bbox 911 2110 978 2160; x_wconf 81' lang='lat' dir='ltr'><strong>alios</strong></span> <span class='ocrx_word' id='word_1_259' title='bbox 1001 2125 1084 2175; x_wconf 78' lang='lat' dir='ltr'><strong>snpra</strong></span> <span class='ocrx_word' id='word_1_260' title='bbox 1108 2113 1162 2160; x_wconf 79' lang='lat' dir='ltr'><strong>iem</strong></span> <span class='ocrx_word' id='word_1_261' title='bbox 1182 2111 1314 2162; x_wconf 87' lang='lat' dir='ltr'><strong>indicavi·</strong></span> 
     </span>
     <span class='ocr_line' id='line_1_49' title="bbox 775 2179 1313 2246; baseline -0.002 -14"><span class='ocrx_word' id='word_1_262' title='bbox 775 2197 842 2232; x_wconf 84' lang='lat' dir='ltr'><strong>mur.</strong></span> <span class='ocrx_word' id='word_1_263' title='bbox 864 2179 997 2230; x_wconf 78' lang='lat' dir='ltr'><strong>Tabulam</strong></span> <span class='ocrx_word' id='word_1_264' title='bbox 1008 2181 1092 2230; x_wconf 85' lang='lat' dir='ltr'><strong>totinr</strong></span> <span class='ocrx_word' id='word_1_265' title='bbox 1104 2181 1233 2245; x_wconf 77' lang='lat' dir='ltr'><strong>regionis,</strong></span> <span class='ocrx_word' id='word_1_266' title='bbox 1247 2197 1313 2246; x_wconf 82' lang='lat' dir='ltr'><strong>qua·</strong></span> 
     </span>
     <span class='ocr_line' id='line_1_50' title="bbox 775 2250 1313 2312; baseline 0.004 -12"><span class='ocrx_word' id='word_1_267' title='bbox 775 2251 808 2300; x_wconf 84' lang='lat' dir='ltr'><strong>lie</strong></span> <span class='ocrx_word' id='word_1_268' title='bbox 823 2250 887 2300; x_wconf 90' lang='lat' dir='ltr'><strong>olim</strong></span> <span class='ocrx_word' id='word_1_269' title='bbox 903 2251 988 2300; x_wconf 74' lang='lat' dir='ltr'><strong>luisse</strong></span> <span class='ocrx_word' id='word_1_270' title='bbox 1002 2251 1101 2312; x_wconf 79' lang='lat' dir='ltr'><strong>fertur,</strong></span> <span class='ocrx_word' id='word_1_271' title='bbox 1126 2251 1185 2300; x_wconf 78' lang='lat' dir='ltr'><strong>aeri</strong></span> <span class='ocrx_word' id='word_1_272' title='bbox 1200 2251 1313 2302; x_wconf 73' lang='lat' dir='ltr'><strong>incisam</strong></span> 
     </span>
     <span class='ocr_line' id='line_1_51' title="bbox 775 2318 1310 2386; baseline 0 -14"><span class='ocrx_word' id='word_1_273' title='bbox 775 2320 899 2372; x_wconf 83' lang='lat' dir='ltr'><strong>exhibuit</strong></span> <span class='ocrx_word' id='word_1_274' title='bbox 912 2318 992 2386; x_wconf 71' lang='lat' dir='ltr'><strong>(alios</strong></span> <span class='ocrx_word' id='word_1_275' title='bbox 1005 2324 1036 2368; x_wconf 88' lang='lat' dir='ltr'><strong>ut</strong></span> <span class='ocrx_word' id='word_1_276' title='bbox 1049 2319 1167 2385; x_wconf 73' lang='lat' dir='ltr'><strong>taceam)</strong></span> <span class='ocrx_word' id='word_1_277' title='bbox 1182 2320 1252 2370; x_wconf 77' lang='lat' dir='ltr'><strong>(leil.</strong></span> <span class='ocrx_word' id='word_1_278' title='bbox 1269 2323 1310 2372; x_wconf 87' lang='lat' dir='ltr'><strong>in:</strong></span> 
     </span>
    </p>
   </div>
   <div class='ocr_carea' id='block_1_8' title="bbox 0 0 1484 5010">
    <p class='ocr_par' dir='ltr' id='par_1_9' title="bbox 0 0 1484 5010">
     <span class='ocr_line' id='line_1_52' title="bbox 0 0 1484 5010; baseline 0 4"><span class='ocrx_word' id='word_1_279' title='bbox 0 0 1484 5010; x_wconf 95' lang='lat' dir='ltr'><strong> </strong></span> 
     </span>
    </p>
   </div>
  </div>
 </body>
</html>
