2958 5010
453 367 724 432 POLYMNIA.
748 370 820 434 VII.
843 377 905 434 213.
1183 369 1244 432 767

99 545 243 632 μένων,
271 540 435 632 άργάριον
459 543 684 632 ἐπεκηρύχθη.
725 541 834 635 χρόνῳ
855 541 892 610 di
914 537 1071 629 ὕστερον,
1098 543 1269 627 κατῆλθε,

100 645 175 736 γάρ
198 651 231 729 ἐς
248 644 464 735 Ἀντικύρην,
488 645 640 716 άιιέθανε
658 643 725 716 doio
748 645 960 733 Ἀθηνάδεω,
985 640 1107 732 inopie
1127 649 1245 730 Τρηχι-

22 812 25 838 2
101 760 201 820 νίου.
235 747 253 820 ὁ
276 751 313 820 δὲ
329 749 517 839 Ἀθηνάδης
539 740 634 831 οὗτος
650 747 824 826 άιιέιιτεινε
848 748 910 836 μὲν
927 745 1103 834 Ἐπιάλτην
1124 744 1168 814 δι’
1186 744 1245 814 dt-

104 865 177 943 λην
197 860 325 942 αἰτίην,
350 852 413 941 τὴν
434 852 499 940 ἐγώ
519 857 557 924 ἐν
575 869 661 924 τοῖσι
683 852 805 924 ὄπισθε
825 852 955 938 λόγοισι
975 853 1146 940 σημανέω·
1180 853 1245 918 ἐτι-

104 1021 163 1072 bus
180 1025 304 1087 utrieque
318 1020 547 1087 Amphictyonum
566 1022 657 1071 conci·
706 1019 841 1073 Herodoti
851 1017 911 1068 loco
923 1018 1031 1082 probari
1041 1016 1138 1083 poerit,
1155 1016 1182 1065 in
1193 1031 1246 1082 quc

105 1091 178 1141 lium
193 1092 351 1142 constitisse
361 1091 503 1150 novimen
523 1092 570 1142 sed
582 1091 657 1141 vide·
707 1107 768 1141 mea
777 1108 810 1141 ex
820 1089 958 1140 sententia
969 1089 1060 1154 agitur
1070 1088 1103 1138 de
1115 1103 1160 1150 re,
1177 1101 1246 1152 quac

106 1169 156 1212 tur
170 1161 199 1211 id
210 1161 282 1228 quod
294 1160 417 1212 hocloco
429 1159 656 1212 narraturdccre·
700 1160 849 1226 Pylagoria
871 1157 937 1211 colia
964 1159 1109 1208 tractanda
1136 1157 1246 1208 videtur

105 1237 170 1282 tum
186 1231 219 1282 de
233 1231 361 1295 Ephialte
379 1231 414 1280 ad
432 1247 465 1282 ca
480 1231 656 1296 pertinnieee,
706 1231 855 1294 permissa,
878 1243 939 1280 cum
956 1227 991 1278 ad
1008 1243 1052 1280 ree
1064 1242 1158 1278 eaoraa
1170 1225 1244 1277 nullo

107 1299 388 1366 quaePylagorarum
402 1315 416 1349 e
430 1300 544 1366 siugulis
558 1300 657 1352 civita·
707 1299 786 1350 modo
809 1299 965 1364 pertineret.
983 1324 1018 1334 -
1039 1299 1080 1348 Ao
1094 1295 1245 1364 ΙΠνὶαίην,

105 1371 187 1422 tibne
217 1370 383 1421 delectorum
414 1386 495 1422 curae
523 1371 656 1436 permissa
707 1385 777 1435 quae
792 1384 845 1420 vox
862 1370 977 1434 primum
997 1367 1104 1432 quidem
1119 1365 1154 1416 ad
1166 1365 1247 1433 Pylae
1346 1375 1349 1380 '

108 1445 208 1500 erant,
227 1455 288 1490 curn
305 1439 340 1490 ad
353 1441 596 1491 Hieromnemonee
616 1455 657 1490 re·
707 1454 729 1492 e.
741 1437 936 1506 Thermopylas
946 1439 1064 1502 pertinet
1073 1437 1184 1502 (qnippe
1194 1450 1246 1501 quo

21 1545 22 1550 =
108 1527 173 1562 rum
193 1525 333 1561 sacrarum
351 1525 417 1560 cura
436 1510 529 1575 potius
542 1511 658 1576 pertine·
705 1508 964 1575 lecoprimitueunc
976 1521 1126 1558 convenere
1137 1506 1247 1570 Amphi

110 1585 170 1632 ret:
196 1579 252 1630 vid.
267 1579 352 1630 allata
365 1595 382 1628 a
393 1579 422 1630 C.
439 1581 484 1629 Fr.
500 1579 657 1630 Hermanno
707 1575 832 1644 ctycnee)
856 1583 883 1628 et
900 1577 936 1626 ad
951 1583 1102 1627 conventus
1120 1573 1246 1640 Pyleeoe,

109 1649 130 1702 l.
149 1647 171 1703 l.
193 1655 249 1702 not.
270 1651 298 1700 ll
321 1665 395 1714 req,
425 1649 478 1700 nisi
500 1649 579 1702 malie
604 1655 659 1698 ata·
707 1646 1248 1715 postea,ubiDelpbiepotiaeirnumcon-

113 1725 195 1770 tuere
206 1733 266 1768 curn
273 1717 412 1768 Voemalio
423 1719 451 1768 iu
459 1725 659 1784 programmate
707 1723 818 1770 ventum
831 1716 871 1770 illi
882 1717 1044 1780 habuerunt,
1057 1717 1155 1768 latiore
1166 1731 1247 1767 senen

21 1776 25 1832 ,⁸
112 1787 291 1840 Francelurt.
307 1788 592 1854 onni1841.pag.17‚
608 1789 660 1854 Py·
710 1788 744 1838 de
763 1789 861 1855 quovis
881 1791 1016 1838 conventu
1036 1787 1247 1852 Amphictyonio

21 1901 22 1924 ζ
113 1857 273 1923 lagenarum
282 1859 391 1910 nornine
401 1857 661 1923 comprehendillie·
709 1859 763 1908 dici
785 1860 844 1908 eive
854 1857 955 1922 Pylaeo
974 1855 1057 1920 (cont.
1071 1857 1171 1908 Herod.
1184 1856 1247 1919 Vll,

113 1942 304 1978 romuemonce
328 1943 415 1993 aeque
438 1934 520 1994 atque
545 1928 659 1980 subinde
709 1927 772 1992 200)
783 1929 841 1978 aire
850 1925 994 1992 Delphico,
1005 1925 1075 1978 haud
1086 1927 1167 1993 pauci
1176 1941 1248 1978 com-

113 1998 371 2048 Hieromnemonum
383 1995 659 2062 norninel'ylagorae.
708 1997 826 2063 probant
848 1995 902 2046 loci
922 1996 955 2046 eb
976 1995 1069 2046 eodem
1089 1999 1248 2046 'littmunnc

114 2067 196 2130 Quod
212 2072 242 2118 ut
255 2069 364 2118 omuino
380 2065 439 2118 ficri
454 2069 575 2132 potuieee
587 2066 658 2117 haud
708 2067 818 2120 collecti
832 2065 852 2119 l.
868 2065 887 2116 l.
900 2081 961 2130 cap·
973 2067 1006 2116 V.
1020 2069 1042 2128 9.
1056 2068 1082 2116 4.
1096 2082 1122 2131 p.
1137 2067 1179 2117 78.
1205 2065 1248 2116 ed

115 2153 198 2202 nego,
214 2138 241 2186 in
253 2136 324 2188 hunc
339 2142 430 2189 tamen
443 2137 546 2200 locum,
563 2139 591 2186 in
604 2153 658 2202 quo
708 2135 834 2188 hocvero
847 2134 993 2187 concilium
1006 2151 1066 2184 cum
1075 2149 1179 2187 summe
1188 2151 1248 2200 per-

116 2207 213 2256 eddita
228 2207 354 2273 leguntur
373 2208 470 2258 verba:
494 2205 552 2256 τιᾶν
564 2197 659 2270 Ἀμφι-
708 2209 807 2258 tineret
825 2219 994 2256 curararum
1019 2205 1186 2270 publicarum
1207 2211 1249 2256 to-

21 2321 23 2328 ,
116 2270 247 2326 ιιτνόνιον
266 2265 294 2334 le
310 2270 364 2340 τὴν
382 2273 512 2341 Πυλαίην
532 2276 658 2340 ovliepo·
708 2277 764 2328 tius
775 2276 1084 2328 Graeciaeucommuni
1096 2275 1173 2326 hoate
1189 2275 1249 2325 rin-

116 2337 225 2410 μὲνιον,
247 2349 295 2398 vix
312 2346 409 2397 cadere
425 2347 452 2396 id
470 2361 549 2414 poseo
561 2347 657 2408 cred0;
708 2346 843 2398 dicandae
854 2351 882 2396 et
892 2345 1033 2409 tutandae,
1043 2345 1166 2410 requitur
1176 2345 1248 2409 inde,

21 2463 23 2470 ,
117 2417 211 2482 itaqua
232 2415 323 2466 malim
338 2416 487 2468 Hermanni
503 2418 582 2484 sequi
600 2432 659 2468 een·
709 2433 771 2478 ece,
793 2417 840 2481 qui
859 2415 893 2466 da
911 2414 1027 2466 Graecia
1046 2416 1114 2466 bene
1136 2417 1249 2466 mcruia-

117 2487 232 2536 tentiern
244 2483 450 2552 Pylagoraaqne
462 2487 534 2538 soloe
552 2485 598 2536 hio
613 2502 661 2536 no·
708 2492 779 2548 cent,
795 2484 901 2550 publice
915 2485 1084 2551 aPylngoria
1097 2485 1249 2538 collaudari

118 2555 217 2606 minori
230 2571 246 2605 a
258 2561 353 2606 noatro
368 2559 500 2622 scriptore
513 2557 541 2606 in
556 2555 659 2606 telibue
708 2555 892 2622 praemiisque
904 2557 996 2604 ornari
1005 2557 1127 2620 potuiaee
1136 2553 1184 2620 (ct.
1194 2555 1249 2604 He·

117 2625 198 2677 valdc
225 2631 357 2676 accurato
384 2627 508 2678 existimo
534 2642 595 2677 earn
624 2626 658 2676 ob
709 2627 768 2676 rod.
779 2623 938 2688 V11‚228);
959 2627 1006 2689 qui
1022 2641 1086 2676 vero
1100 2626 1249 2676 communia

118 2711 243 2754 censam,
264 2696 337 2760 quod
352 2696 453 2749 haecce
471 2713 514 2747 rec
532 2697 568 2747 ad
580 2695 660 2761 Pyla·
709 2695 875 2748 Graecorum
889 2693 987 2747 ealutin
999 2696 1152 2760 proditores
1166 2695 1249 2746 eneti·

119 2781 245 2831 goraruro
268 2767 362 2816 munla
384 2767 539 2832 pertinebat
564 2781 659 2817 corun·
711 2765 828 2830 tineent,
848 2767 882 2816 iio
898 2780 1013 2830 poenam
1025 2767 1060 2815 ab
1074 2766 1249 2830 Amphictyo·
1312 2800 1315 2806 -

119 2835 233 2900 demque
252 2851 334 2887 curae
352 2838 498 2902 praecipue
513 2843 573 2888 erat
589 2851 660 2886 com·
709 2851 774 2886 num
785 2834 902 2886 concilio
911 2835 1060 2901 irrogatam
1073 2836 1167 2888 iniere.
1186 2835 1250 2886 Plu·

21 2961 22 2968 *
119 2907 212 2964 micea,
227 2905 375 2970 eodemque
390 2907 488 2970 resero,
503 2907 575 2973 quod
587 2905 659 2971 epud
709 2921 741 2956 ra
763 2907 839 2956 dabit
854 2906 1003 2956 Tittmann.
1020 2905 1038 2957 l.
1056 2905 1073 2960 l.
1091 2921 1150 2971 cap.
1169 2907 1202 2955 V.
1222 2908 1246 2968 §-

119 2973 283 3038 Hesychium
300 2983 382 3039 atque
398 2977 554 3042 Etymolog.
567 2979 659 3040 Magn.
708 2976 734 3028 6.
752 2978 783 3039 7,
802 2976 848 3042 qni
863 2975 926 3026 hinc
940 2977 1095 3041 auspicatur
1111 2991 1173 3040 pag.
1189 2975 1247 3037 121,

120 3040 659 3108 Pylagoraesignificanturot‘rrpoecrci·
709 3045 854 3098 concilium
876 3045 964 3108 istud,
994 3045 1066 3111 quod
1094 3048 1123 3096 in
1143 3045 1247 3096 lathmo

121 3124 165 3167 τες
177 3109 227 3174 τῆς
241 3109 379 3170 Πνλαίας,
410 3115 560 3178 luquieirit
573 3129 660 3180 nuper
709 3121 904 3182 congregatum
919 3115 951 3165 dc
967 3117 1104 3166 communi
1118 3115 1249 3166 Graeciae

122 3179 429 3232 eandcminrneteriem
443 3183 587 3249 Rangabe':
605 3187 660 3233 An·
710 3185 800 3239 aalute
824 3201 856 3236 ec
877 3185 910 3236 de
931 3187 1052 3245 ratione,
1077 3201 1132 3252 qna
1150 3185 1248 3235 bellum

122 3249 211 3314 liquit.
230 3248 365 3315 Helleniq.
389 3243 425 3302 11.
444 3267 508 3317 prag.
527 3254 577 3304 325
593 3261 660 3317 ee'q.‚
709 3261 847 3322 gereretur
871 3255 1023 3319 Persaeque
1055 3255 1250 3320 repellerentur

21 3325 22 3332 ’
123 3319 250 3386 quicum
272 3321 299 3370 in
323 3321 562 3386 inscriptionibun‚
591 3337 659 3386 quae
709 3323 758 3390 (ct.
772 3323 839 3386 vn,
857 3323 905 3374 145
919 3323 1010 3388 ibique
1024 3325 1122 3388 nott),
1148 3325 1249 3376 delibo-

123 3389 230 3441 decreta
249 3393 402 3452 continent,
425 3391 659 3442 Hieromuemoni·
709 3395 804 3456 rabat,
826 3391 1163 3458 Amphictyoniumtuieee
1182 3394 1250 3446 rnul-

123 3459 172 3510 hue
196 3461 359 3526 preecipnue
385 3460 461 3512 locun
483 3459 660 3523 concedatur,
710 3468 836 3528 ctamque
844 3463 879 3512 ab
890 3463 982 3514 ecdem
996 3465 1111 3516 concilio
1121 3467 1155 3516 iia
1167 3465 1251 3516 Gree-

123 3537 295 3596 veterumque
319 3531 483 3596 scriptorum
502 3531 661 3581 testimonia
710 3534 825 3584 eiecere
843 3533 989 3594 inflictam,
1004 3535 1029 3584 ei
1043 3536 1089 3600 qui
1101 3535 1135 3584 ad
1151 3536 1249 3586 Perea·

123 3599 200 3652 valde
226 3602 373 3664 fluctuent,
401 3600 481 3652 modo
501 3603 677 3652 Hieromne·'
709 3619 768 3654 rum
783 3607 875 3668 parter
894 3619 924 3654 ae
942 3607 1157 3668 conver-tineent,
1180 3611 1250 3656 tecte

124 3670 257 3734 monibus,
284 3670 364 3722 modo
380 3671 522 3737 Pylagorie
545 3673 659 3736 primurn
709 3673 810 3726 Herod.
824 3672 891 3736 Vll,
912 3671 969 3724 132.
1001 3675 1047 3726 Gr.
1062 3676 1179 3726 conferri
1192 3673 1252 3725 vult

124 3739 207 3789 locum
223 3740 388 3804 tribuentia,
408 3758 465 3792 rem
479 3741 519 3792 ita
535 3743 661 3806 componi
711 3745 848 3795 Letronne
867 3743 909 3792 in:
928 3741 1072 3794 Mdmoiree
1094 3745 1127 3794 de
1143 3743 1249 3807 l'Acad.

125 3823 202 3874 poseo
212 3815 304 3876 putat,
314 3817 346 3860 ut
355 3811 597 3862 Hieromnernonee
608 3812 662 3876 ipsi
712 3815 759 3866 des
773 3813 901 3877 Inscript.
915 3811 946 3864 T.
956 3813 994 3864 v1
1007 3813 1171 3878 (ann.1822)
1185 3829 1249 3879 pag.

126 3879 262 3928 civitatum
287 3882 372 3946 legati
398 3879 660 3947 (hermenricus)
713 3885 763 3935 252
781 3889 883 3947 ee'q.—-
903 3882 945 3932 De
962 3884 1085 3950 Anticyra
1103 3884 1160 3933 vid.
1180 3891 1250 3933 nott.

125 3946 272 4000 habeantur
297 3951 468 4018 conciliique
487 3951 661 4016 Amphictyo·
711 3955 747 4004 ad
762 3953 823 4012 Vll,
840 3951 896 4002 198.
928 3953 981 4002 Pro
992 3947 1251 4019 vulg.'Erruilreoe

127 4032 185 4068 num
208 4020 362 4083 praesides.
390 4019 543 4087 Pylngorae
566 4027 662 4074 contra
712 4021 1250 4088 Sancroltilibroalteroquerccepicurn

128 4089 267 4138 civitatum
288 4095 477 4154 procuratores
501 4091 552 4154 (lea
569 4105 663 4153 procu·
712 4091 853 4142 Dietechio
862 4083 1031 4156 Ἐπιάλτην,
1047 4107 1116 4156 quae
1129 4085 1193 4143 'vera
1204 4109 1252 4143 ac—

128 4156 491 4224 reurr)fuerint.qnicoram
502 4161 662 4211 Hieromne·
712 4162 832 4212 cueativi
851 4161 959 4212 videtur
981 4177 1042 4213 eane
1068 4162 1154 4214 torma
1179 4163 1251 4228 apud

130 4241 230 4278 monum
249 4228 367 4280 concilio
383 4245 426 4281 ree
440 4245 548 4281 auarum
565 4231 663 4281 civita·
695 4231 893 4289 'Herodotum
911 4231 967 4282 rid.
980 4230 1096 4282 Bredov.
1112 4247 1176 4297 pag.
1189 4233 1250 4286 teil.

129 4301 180 4348 tum
199 4297 427 4364 disceptaverint.
463 4300 539 4363 Quae
553 4300 661 4366 quidem
712 4301 836 4352 Eandem
847 4300 960 4352 sormam
979 4303 1088 4352 restitui
1105 4303 1177 4353 infra
1190 4303 1251 4364 Vll,

128 4369 259 4420 sententia
279 4367 403 4434 pluribus
425 4369 515 4420 verbio
537 4373 663 4435 exposita
712 4372 773 4422 218.

128 4437 212 4489 ariro
223 4438 306 4490 docto
317 4455 414 4491 vereor
430 4439 554 4506 equidem
569 4446 601 4491 ut
611 4439 662 4492 hoc
747 4431 800 4506 τὴν
819 4430 871 4506 ἐγώ
892 4429 922 4488 ἐν
937 4441 1010 4490 τοῖσι
1027 4428 1131 4492 ὄπισθε
1143 4433 1250 4508 λόγοισι
