3010 4966
223 317 281 393 us
614 323 615 328 '
654 320 920 392 HERODOTI

221 508 354 590 πρῶτον
368 499 491 569 ἐσιόντι
511 503 544 580 ἐς
558 499 598 569 τό
614 501 803 592 προπύλαια
817 502 857 572 τό
872 508 909 574 ἐν
923 509 964 594 τῇ
979 501 1156 596 ἀκροπόλι,
1178 509 1350 599 ἐπιγέγρα-

222 633 301 676 πται
316 609 356 676 δέ
366 610 400 674 οἱ
411 603 506 674 τάδε·

364 747 479 814 ”devea
497 754 639 813 Βοιωτῶν
657 751 709 812 καὶ
719 752 893 815 Χαλκιδέων
911 751 1094 833 δαμάσαντες

423 853 527 925 παῖδες
543 843 715 929 Ἀθηναίων
734 852 923 934 ἔργμασιυιέν
938 854 1083 934 πολέμου,

373 956 471 1040 δεσμῷ
486 953 518 1014 ἐν
533 947 685 1032 όχλυόεντι
701 955 827 1040 σιδηρέῳ
843 955 966 1036 ἔσβεσαν
982 951 1087 1037 ὕβριν·

422 1059 481 1118 τῶν
499 1058 610 1130 ἵππους
626 1053 752 1134 δεκάτην
768 1054 905 1119 Παλλάδι
922 1049 1003 1119 τάσδ’
1022 1058 1140 1123 ἔθεσαν,

223 1261 310 1324 parte,
323 1270 392 1321 quae
405 1253 440 1304 ad
451 1251 633 1303 Erechtheum
646 1255 764 1316 spectat,
815 1253 964 1302 dicatorias
977 1253 1006 1301 in
1016 1251 1132 1302 medium
1144 1253 1266 1318 protulit.
1284 1253 1352 1304 Add.

222 1327 385 1379 collocatum
396 1323 483 1373 inisse
496 1322 613 1383 videtur,
626 1323 665 1370 ita
677 1327 708 1369 ut
717 1323 764 1386 qui
815 1321 958 1387 Antholog.
973 1321 1060 1371 Pelet.
1076 1323 1127 1382 VI,
1142 1323 1207 1385 343,
1221 1324 1267 1371 ubi
1282 1323 1353 1372 idem

222 1414 269 1464 per
284 1394 432 1461 propylaea
449 1394 477 1440 in
488 1407 576 1441 arcem
593 1390 765 1455 ingrederen·
815 1393 981 1457 epigramma
991 1391 1134 1442 exhibetur
1144 1401 1273 1456 tanquam
1284 1381 1355 1456 ἄδη-

222 1477 281 1525 tnr,
311 1466 339 1514 in
365 1464 416 1513 hoo
439 1466 641 1511 monumentum
661 1463 765 1522 priostum
815 1461 881 1521 λονς
901 1461 1032 1512 Simonidis
1051 1475 1111 1512 esse
1130 1464 1354 1512 testaturrtristi-

224 1531 370 1602 (πρῶτον,
389 1531 461 1596 quod
477 1546 491 1579 e
514 1529 669 1580 melioribus
686 1529 764 1580 codd.
816 1531 863 1581 des
875 1532 893 1581 l.
909 1531 944 1593 l.,
960 1533 1036 1581 cuius
1049 1531 1154 1582 scholia
1168 1548 1251 1596 supra
1262 1532 1354 1606 lapda-

222 1604 351 1654 revocavi
363 1617 411 1666 pro
426 1598 539 1664 πρώτα)
559 1601 712 1650 inciderent
726 1601 765 1649 id·
817 1608 846 1650 ta
859 1618 885 1666 p.
899 1601 947 1652 351
963 1602 987 1650 si
999 1602 1150 1665 sequimur,
1165 1604 1236 1667 Aps-o
1251 1596 1353 1667 (ουίως

222 1689 274 1738 qne
288 1673 323 1721 ad
337 1673 433 1720 luceam
449 1662 608 1732 (ἀριστερῆς
620 1663 720 1732 χειρός,
734 1675 765 1718 ut
808 1663 914 1734 Ἀγρων
932 1663 962 1718 ἕν
983 1660 1170 1735 ἐπιγράμματι
1190 1666 1237 1722 ἐπὶ
1259 1669 1298 1736 τῷ
1314 1685 1354 1719 τε-

224 1743 260 1804 ll,
278 1741 334 1802 169,
342 1741 389 1789 ubi
398 1739 454 1788 vid.
469 1745 537 1789 nott.
547 1746 574 1787 et
582 1739 707 1788 liuelmer
715 1739 761 1788 Gr.
813 1740 945 1805 θρίππῳ)
967 1749 1062 1790 auctor
1079 1743 1283 1806 epigrammatis
1302 1743 1354 1790 erit

224 1813 271 1863 Gr.
289 1815 314 1873 ξ.
332 1811 393 1860 512.
411 1814 467 1858 not.
490 1810 522 1872 l)
541 1808 681 1858 haberent.
719 1801 764 1856 Τὰ
813 1811 962 1877 habendus.
1002 1810 1043 1859 Ad
1069 1811 1233 1861 Simonidem
1257 1811 1352 1860 retule-

223 1871 387 1943 προπύλαια
401 1879 472 1942 quod
487 1879 520 1928 de
535 1879 679 1941 prioribus,
694 1893 763 1943 quae
814 1879 1072 1930 runtSchneidewin
1086 1883 1129 1931 in:
1149 1881 1354 1931 SimonidisRe-

222 1951 315 2012 sumit,
330 1947 486 2012 propylasis
499 1947 616 2012 intelligi
627 1947 684 1996 vult
694 1950 763 1998 lloss
813 1950 879 2015 liqq.
898 1965 960 2014 pag.
979 1950 1025 1998 lii)
1040 1955 1067 1999 ct
1079 1951 1186 2016 Bergk:
1203 1952 1293 2001 Politt.
1313 1951 1352 2015 ly·

224 2021 253 2085 (l.
267 2020 307 2082 1.),
322 2019 447 2082 equidem
459 2032 519 2066 curu
531 2017 648 2066 Prellero
659 2023 686 2066 ct
696 2019 764 2067 Bur·
814 2021 877 2070 ricc.
892 2035 954 2083 pag.
965 2019 1024 2069 91⁶2.

223 2091 301 2139 siano
313 2088 330 2137 1.
353 2086 371 2136 l.
384 2086 458 2136 nulla
475 2086 530 2136 alia
547 2087 695 2151 propylaea
712 2086 763 2136 hoe
848 2087 950 2144 παῖδες
964 2080 1135 2152 Ἀθηναίων]
1160 2090 1200 2139 De
1214 2104 1267 2155 qua
1282 2088 1354 2140 locu-

223 2160 282 2210 loco
302 2157 419 2222 intelligi
435 2171 514 2220 posse
534 2156 627 2219 credo,
645 2157 699 2208 uisi
720 2173 762 2218 ea,
814 2161 889 2208 tione
910 2158 946 2206 ci.
969 2163 1038 2208 nott.
1056 2159 1091 2208 ad
1108 2159 1146 2220 V,
1165 2161 1209 2210 49.
1234 2153 1354 2222 ἔργματα

223 2243 293 2294 quae
309 2229 383 2277 inl-ra
401 2241 488 2276 annos
506 2226 557 2276 437
574 2233 639 2276 aute
657 2225 719 2276 Chr.
736 2243 763 2275 u.
814 2229 1023 2288 suntfmiaoru,
1038 2243 1117 2291 quam
1134 2229 1246 2278 eandem
1261 2245 1352 2278 rocem

222 2301 256 2362 (s.
272 2297 379 2363 Olymp.
394 2296 528 2356 LXXXV,
544 2293 571 2359 4)
587 2301 615 2345 et
627 2295 674 2346 431
689 2298 764 2346 Peri·
814 2315 829 2348 e
842 2298 1001 2347 coniectura
1014 2301 1039 2344 in
1052 2298 1153 2349 llerod.
1167 2299 1218 2356 lll,
1229 2301 1261 2348 ill
1277 2301 1352 2348 resti-

223 2369 271 2418 elis
290 2370 358 2418 curt
382 2371 521 2416 exstructa
540 2373 618 2425 sunt,
640 2365 764 2430 pluribus
814 2371 855 2417 tui
872 2366 1165 2432 voluerntwesceling.
1180 2366 1224 2432 (Τ.
1239 2369 1274 2416 11.
1292 2383 1352 2431 pag.

221 2439 305 2502 igitur
323 2437 401 2487 annis
424 2443 486 2500 post
504 2435 672 2484 Herodotum
692 2451 763 2485 anno
817 2438 865 2488 193
878 2435 920 2485 ed.
932 2435 1031 2497 nostr.)
1043 2437 1215 2486 cicanse'tob.
1226 2439 1353 2487 Luxus.

222 2509 274 2558 444
289 2523 314 2560 a.
331 2506 391 2557 Ghr.
405 2520 432 2554 n.
454 2504 571 2553 Thurios
595 2505 763 2568 proiectum:
814 2523 876 2572 pag.
887 2507 947 2556 487.
964 2507 994 2555 Τ.
1008 2505 1059 2556 lll.
1072 2521 1134 2569 pag.
1148 2507 1195 2556 183
1205 2506 1353 2557 Gauilla-

224 2580 496 2642 quaeresquantum
515 2571 657 2621 valeatad
676 2574 763 2637 ipsine
814 2577 895 2640 ripid.
910 2576 998 2625 Orest.
1015 2575 1064 2624 luo
1078 2573 1139 2640 (157
1152 2575 1254 2640 Both).
1285 2576 1351 2626 add.

222 2647 354 2695 Herodoti
382 2647 500 2690 aetatem
538 2643 765 2703 constituendam,
815 2644 1353 2708 upmnflomerruxviueo.xxxn,

222 2713 386 2777 intelligitur
400 2727 433 2759 ex
446 2711 490 2772 iis,
506 2725 576 2773 quae
588 2711 716 2761 disceruit
733 2712 762 2761 C.
818 2716 858 2768 lil.
891 2715 976 2765 Versu
997 2716 1121 2778 sequenti
1142 2730 1190 2778 pro
1208 2706 1352 2778 ἀχλυόεντι

222 2783 253 2830 F.
275 2783 424 2830 Hermann.
453 2780 481 2828 in
503 2780 618 2833 Excurs.
642 2781 703 2830 VII.
730 2782 763 2835 Τ.
814 2785 953 2836 Mediceus
963 2783 1086 2848 alterque
1098 2778 1353 2848 liherolzvvvds'vu,

221 2851 258 2899 11.
274 2865 297 2913 p.
311 2849 372 2900 usu.
385 2848 436 2898 704
455 2848 496 2898 ed.
516 2854 600 2898 nostr.
619 2849 680 2898 coll.
699 2851 764 2902 Jee—
814 2853 888 2919 quod
911 2855 940 2903 in
967 2852 1112 2918 Autholog.
1134 2854 1223 2904 Palat.
1247 2871 1354 2920 quoque

221 2933 276 2983 ger.
290 2917 412 2983 Disputt.
427 2917 548 2968 Herodd.
567 2933 628 2984 pag.
646 2921 688 2970 25.
716 2922 765 2970 Et-

223 2988 293 3037 enim
316 2987 340 3036 si
362 3002 422 3037 oum
444 2988 495 3038 hoc
519 2988 579 3038 loco
603 2989 763 3052 contuleris,

222 3071 291 3121 quae
304 3055 433 3120 leguntur
443 3059 490 3110 vl.
501 3059 543 3108 98.
559 3059 623 3120 Vll,
640 3058 686 3109 137
700 3059 762 3109 coll.

222 3126 276 3186 IX,
293 3124 325 3174 73
342 3124 401 3190 (ubi
417 3126 450 3177 de
461 3127 524 3177 belli
536 3129 763 3192 Peloponnesiaci

223 3193 427 3245 calamitatibus
436 3199 534 3247 Noster
545 3196 686 3262 loquitur),
699 3199 762 3248 inde

814 2924 966 2986 invenitur,
981 2923 1028 2972 ubi
1039 2923 1154 2972 Hecker.
1175 2923 1231 2988 legi
1250 2925 1354 2975 mavult

811 2985 970 3056 αγνυόεντι,
1022 2993 1153 3056 Equidem
1186 3009 1203 3043 a
1231 2994 1352 3060 vulgata,

813 3078 894 3128 quam
909 3063 989 3112 etiam
1002 3061 1198 3112 Schneidewin.
1211 3069 1239 3113 et
1254 3065 1352 3130 Bergk.

811 3135 996 3194 retinuerunt,
1012 3133 1150 3182 discedere
1162 3132 1244 3184 nolui.
1274 3135 1354 3184 Adic-

812 3205 912 3252 ctivum
934 3194 1064 3264 ἀχλυόεις
1083 3201 1118 3268 (i.
1137 3221 1160 3252 e.
1185 3206 1351 3269 caliginosus)

223 3265 319 3314 merito
339 3265 468 3331 colligas,
481 3267 648 3317 Herodotum
664 3284 763 3333 propy-

222 3333 282 3384 laea
290 3350 345 3384 non
355 3335 441 3385 solum
452 3339 561 3401 cognitu
571 3337 763 3401 habuissc,ve-

222 3417 280 3452 rum
294 3406 376 3454 etiam
390 3407 448 3456 suis
462 3405 547 3456 oculis
562 3423 709 3472 usurpasse
722 3408 762 3457 vi-

222 3473 294 3535 deri,
315 3479 345 3522 ut
363 3475 433 3525 adeo
452 3491 468 3524 a
486 3476 595 3526 Thuriis
617 3479 713 3527 iterum
733 3479 761 3527 in

221 3541 331 3607 aliquod
351 3550 424 3594 certe
440 3549 547 3609 tempus
559 3546 702 3597 Graeciam
721 3553 762 3596 at-

221 3627 273 3674 que
291 3612 415 3676 inprimis
428 3613 548 3664 Athenas
569 3617 699 3667 invisisse
715 3633 763 3681 pu·

222 3682 322 3730 taudus
337 3682 381 3730 sit.

257 3739 457 3814 ἐπιγέγραπται
472 3743 504 3800 δέ
524 3745 553 3800 oi
569 3746 637 3802 eride
649 3753 672 3817 ·]
696 3755 762 3806 Dio-

221 3819 302 3868 ‹lorus
316 3818 333 3867 l.
351 3819 379 3883 l.,
393 3824 423 3868 ut
434 3819 559 3881 vidimus,
572 3823 675 3886 eadem,
694 3839 762 3888 qnae

221 3888 378 3938 Herodotus
392 3891 483 3952 paucis
502 3905 647 3954 enarrans,
668 3910 700 3944 ex
715 3897 762 3942 tri-

222 3959 288 4008 buto
298 3957 470 4009 decumarum
482 3959 671 4012 lloeoticarnm
679 3963 760 4013 Athe-

224 4029 332 4079 nienses
345 4043 450 4078 currum
460 4044 573 4078 aeneum
582 4033 608 4079 in
621 4032 761 4096 acropolin

223 4097 363 4147 dedicasse
376 4097 481 4158 scribit,
492 4113 524 4148 ac
534 4098 595 4149 dein
608 4103 696 4164 ipsum
706 4103 762 4166 epi-

223 4182 344 4230 gramma
363 4167 479 4231 profert,
498 4169 569 4232 quod
583 4171 652 4220 idem
668 4187 761 4222 serva-

222 4237 265 4283 vit
276 4237 388 4287 Aristid.
401 4237 439 4286 ΙΙ.
453 4253 515 4302 pag.
528 4237 589 4300 ³80,
602 4247 629 4290 et
643 4242 713 4305 quod
730 4240 760 4290 il-

221 4302 350 4353 lustravit
364 4307 453 4356 Roas:
475 4307 615 4373 inscriptt.
636 4325 698 4375 pag.
717 4311 760 4372 llll,

223 4371 270 4420 uhi
282 4371 351 4424 alias
363 4376 493 4426 eiusmodi
510 4379 700 4446 inscriptiones
716 4381 761 4431 de-

813 3273 890 3321 novit
918 3287 1024 3336 quoque
1048 3272 1173 3337 Apellen.
1197 3273 1284 3324 Rhod.
1305 3277 1351 3336 lv,

846 3403 964 3475 ἔσβεσαν
974 3397 1070 3476 όβριν]
1087 3411 1210 3462 illustrat
1220 3411 1353 3462 hocWes-

812 3479 908 3544 seliug.
916 3481 1051 3530 Heracliti
1066 3483 1140 3531 dicto
1152 3481 1224 3544 apud
1235 3483 1353 3548 Diogen.

812 3551 903 3600 Ladrt.
918 3551 1013 3610 1x‚·2:
1031 3538 1116 3614 όβριν
1133 3543 1185 3614 χρή
1206 3547 1353 3616 σβεννύειν

811 3618 918 3684 μᾶλλον
931 3609 950 3683 ἢ
961 3613 1114 3684 πνριιαϊήν.
1141 3621 1227 3670 Versu
1239 3635 1351 3686 sequen-

813 3691 836 3740 ti
847 3705 895 3754 pro
907 3687 964 3736 τοῖν
978 3686 1086 3746 ἵππους
1097 3689 1168 3754 apud
1180 3689 1291 3741 Diodor.
1303 3692 1321 3743 l.
1333 3691 1351 3743 l.

812 3765 903 3810 exstat
914 3744 960 3806 τόν
974 3756 1095 3820 ἵππους,
1115 3759 1150 3808 od
1163 3775 1241 3824 quem
1254 3763 1352 3826 geniti-

811 3845 875 3877 vum
893 3829 963 3894 quod
975 3829 1046 3880 Rose
1058 3829 1075 3879 l.
1088 3829 1105 3877 l.
1123 3831 1350 3894 praepositionem

811 3891 869 3946 ἀπὸ
889 3897 1008 3962 suppleri
1032 3899 1135 3960 voluit,
1165 3904 1197 3948 ut
1220 3902 1248 3948 in
1271 3903 1351 3950 simili

812 3967 906 4033 galeae
920 3967 1079 4032 Olympicus
1095 3969 1282 4034 inscriptione,
1297 3971 1351 4019 lahi

811 4038 920 4087 videtur
932 4039 974 4086 vir
987 4038 1171 4098 doctissimus,
1186 4054 1245 4088 cnm
1256 4042 1353 4104 geniti-

811 4107 840 4158 vi
853 4108 932 4156 huius
947 4108 1019 4157 ratio
1034 4109 1075 4158 sic
1087 4109 1154 4158 satis
1172 4114 1274 4172 pateat.
1306 4107 1352 4158 ἴπ-

811 4191 884 4232 πους
900 4176 1007 4240 desipis
1022 4193 1044 4227 s.
1064 4180 1196 4242 quadrigis
1212 4179 1294 4243 vulgo
1314 4181 1351 4228 iu-

812 4246 898 4310 telligi
917 4248 986 4295 satis
1003 4252 1105 4298 notum.
1142 4249 1269 4298 Decimus
1286 4263 1351 4298 vero

810 4332 899 4367 rerum
910 4314 979 4366 bsllo
992 4321 1132 4380 partarum
1147 4318 1200 4369 diis
1210 4333 1351 4369 consecra-

810 4387 833 4435 ri
844 4385 941 4436 solitas
958 4385 1058 4449 inisse,
1071 4389 1142 4453 qnod
1158 4403 1247 4454 pauca
1260 4394 1351 4439 osten-
