3010 4966
465 363 830 430 TERPSIOHORE.
853 367 889 428 V.
912 373 955 432 tr.
1215 367 1273 432 137

143 541 222 614 driu·
251 546 292 632 τῇ
314 541 350 613 dl
371 547 464 632 τρίτῃ
483 536 690 613 ὑπόσπονδοι
710 543 895 632 ἐξέρχονται
917 545 953 612 ἐκ
977 546 1034 630 τῆς
1054 539 1178 632 χώρης,
1203 541 1274 615 ὅσοι

142 639 230 738 ἦσαν
250 644 363 718 αὐτῶν
384 645 651 736 Λακεδαιμόνιοι.
685 643 888 716 Ἐπετελέειο
918 647 954 716 :ll
979 651 1027 738 τῷ
1046 646 1231 737 Κλεομένεϊ
1254 644 1275 738 ἡ

143 752 252 842 orion·
273 747 316 832 ὦς
329 749 393 840 γὰρ
407 748 510 839 ἀνέβη
525 754 558 830 ἐς
572 748 632 839 τὴν
645 747 843 836 ἀκρόπολιν,
857 749 987 840 μέλλων
1002 749 1042 839 δὴ
1056 749 1161 841 αὐτὴν
1175 781 1273 823 κατα-

143 855 297 946 σχήσειν,
321 853 372 944 ἤτε
387 858 420 934 ἐς
434 853 470 924 τὸ
485 853 610 924 ἄθυτον
625 859 680 944 τῆς
694 859 797 940 θεοῦ,
813 850 857 936 ὧς
871 853 1077 944 προσερέων·
1100 853 1120 946 ἡ
1139 857 1175 927 dl
1191 863 1275 946 ίρειή

146 965 348 1045 ἐξαναστᾶσα
371 963 407 1042 ἐκ
427 963 488 1029 τοῦ
507 957 652 1048 θρόνον,
674 960 753 1048 πρὶν
774 955 867 1048 lictis
886 958 995 1049 θύρας
1010 955 1112 1030 αὐτὸν
1126 957 1274 1052 ἀμεῖψαι,

169 1153 344 1211 Ἐπετελέειο
352 1153 410 1223 -ἡ
420 1152 511 1226 φήμη]
526 1154 606 1226 φήμη
616 1175 687 1222 qrrse
738 1159 810 1210 conl.
822 1175 929 1226 quoque
938 1160 1045 1212 Leuke:
1064 1163 1238 1230 Topograph.
1249 1179 1275 1214 v.

145 1233 192 1285 hio
210 1232 323 1293 dicitnr,
343 1229 417 1280 inire
432 1235 547 1280 vocetur
563 1221 686 1294 κλῃδών,
737 1229 827 1282 Athen
846 1246 908 1296 pag.
925 1233 985 1282 224.
1008 1233 1056 1282 244
1082 1237 1110 1282 et
1131 1236 1275 1298 praecipue

146 1302 208 1354 coll.
222 1303 270 1365 IX,
285 1300 342 1353 100.
363 1301 425 1352 llll:
445 1302 484 1350 its
500 1305 531 1350 ut
544 1305 687 1367 utrumque
738 1315 799 1366 peg-
814 1301 866 1352 410
879 1313 954 1366 seqq.
974 1316 1045 1352 vers.
1060 1302 1161 1366 Snupp,
1197 1301 1276 1364 Quod

145 1371 308 1424 vocabulum
323 1370 356 1420 de
374 1385 441 1422 voce
462 1370 594 1420 divinitus
607 1371 686 1436 quasi
736 1384 801 1420 vero
818 1371 846 1420 in
862 1385 936 1435 seqq.
953 1371 1082 1422 sacerdon
1098 1372 1181 1423 dixit:
1205 1362 1274 1436 μηδ’

146 1441 190 1493 uel
210 1459 243 1492 ex
264 1440 372 1491 occulto
394 1440 428 1490 ad
447 1439 584 1491 hominnm
606 1455 685 1491 aures
737 1434 814 1489 ἔσιθι
835 1434 863 1496 ἐς
880 1436 911 1488 ul
932 1431 1012 1502 ἷρόν,
1037 1441 1065 1490 id
1083 1441 1177 1492 latiori
1194 1457 1276 1492 sensu

146 1513 321 1575 inexpectato
331 1509 611 1574 accedenteatquede
621 1525 685 1574 quo·
737 1509 939 1574 accipiendum,
959 1510 1000 1560 its
1015 1515 1047 1560 ut
1066 1527 1170 1560 omnem
1187 1510 1276 1563 locum

145 1583 190 1632 ris
203 1582 291 1632 omine
302 1597 334 1631 ex
345 1580 460 1630 lor-tulta
471 1579 609 1630 hominurn
620 1595 686 1631 voce
738 1585 877 1644 sunctum,
902 1584 1076 1637 :sectantum
1094 1581 1189 1632 aedem
1207 1581 1278 1632 inte·

146 1655 275 1714 suscepto
289 1649 413 1700 adhiberi
426 1649 559 1699 videatur.
586 1649 647 1703 vid.
664 1651 686 1712 Ι,
737 1650 852 1710 rinrern,
871 1665 922 1714 quo
936 1651 1025 1701 minus
1037 1651 1167 1711 intraret,
1188 1666 1278 1702 secer-

146 1721 182 1773 43
207 1721 298 1785 ibique
322 1719 409 1770 allata
434 1725 461 1770 et
484 1718 685 1784 Naegelsbach:
738 1719 786 1769 doe
802 1719 841 1768 illi
860 1719 1038 1770 interdixerit.
1068 1721 1111 1771 ct.
1126 1721 1196 1784 VII,
1216 1721 1276 1770 140.

146 1789 393 1842 Nachhornerische
407 1787 537 1854 Theolog.
551 1805 612 1854 pag.
629 1790 685 1840 105.
738 1789 791 1850 IX,
809 1787 865 1839 110.
899 1789 990 1839 Verba
1007 1781 1044 1847 ὥς
1062 1783 1223 1852 προσερέων
1238 1792 1279 1840 in·

147 1861 284 1913 Adaeum
297 1859 411 1910 voculae
428 1849 463 1922 δὴ
480 1859 506 1908 in
521 1859 611 1910 verbis
624 1851 688 1920 ur't-
738 1863 885 1922 terpretor:
904 1860 1057 1909 allocuturus
1074 1863 1277 1920 eremmanos,

147 1931 205 1980 λων
230 1923 272 1993 δὴ
295 1920 385 1992 αὐτὴν
407 1919 593 1992 κατασχήσειν
615 1929 686 1979 coni.
738 1928 811 1991 quod
822 1928 891 1978 idem
905 1927 961 1978 lere
975 1935 1018 1978 est
1030 1934 1112 1992 atque
1123 1932 1279 1981 adoraturus

146 2005 218 2053 nott.
233 2000 268 2050 sd
281 2000 333 2060 111,
354 1997 409 2049 130.
421 1999 453 2059 V,
468 1997 510 2047 20.
525 1996 567 2047 33.
740 1997 830 2057 deam:
852 1997 923 2046 conl.
935 1997 1016 2048 Thes.
1030 1999 1108 2063 Ling.
1120 2000 1217 2051 Graec.
1228 1999 1276 2050 VI.

183 2059 229 2134 ἤϊε
247 2059 274 2125 ἐς
291 2059 323 2117 τὰ
339 2058 447 2116 ἄδυτον
465 2064 514 2131 τῆς
537 2064 622 2130 θεοῦ]
646 2067 688 2116 De
739 2083 765 2132 p.
783 2066 844 2118 1011
863 2065 905 2116 ed.
917 2066 999 2116 Dind.
1028 2068 1091 2117 Mox
1105 2072 1233 2120 revocavi
1245 2085 1278 2120 ex

146 2139 271 2190 interiori
282 2153 314 2188 sc
324 2137 455 2188 sanctiori
466 2137 540 2188 sedis
551 2141 629 2200 parte
644 2151 690 2184 ac·

147 2210 239 2274 cipio,
265 2223 335 2274 quae
357 2208 411 2271 ipsi
438 2207 505 2256 deae
527 2189 689 2255 consecrate

149 2283 209 2330 erut
232 2279 343 2339 eiusque
368 2276 542 2326 simulacrum
568 2274 690 2324 contine·

148 2350 219 2406 hat,
238 2365 259 2398 s.
276 2347 309 2396 de
321 2345 407 2397 celle:
433 2361 487 2410 qno
500 2344 594 2394 eodem
609 2357 689 2392 sensu

149 2413 181 2467 τὸ
190 2406 297 2466 ἅδντον
307 2417 356 2478 111,
369 2416 378 2464 1
389 2415 434 2470 tt.
448 2407 479 2463 τό
491 2413 615 2477 μέγαρον
625 2413 689 2475 VII,

153 2488 210 2539 140.
224 2487 300 2540 VIII.
312 2485 353 2536 03.
375 2484 453 2546 Quod
464 2499 528 2534 vero
539 2483 564 2532 h.
574 2483 593 2536 l.
607 2481 689 2545 vulgo

150 2557 184 2607 de
202 2556 302 2620 templo
320 2556 459 2605 Minervae
474 2552 596 2602 Poliedis
617 2554 688 2618 cogi·

150 2631 212 2676 taut
232 2624 273 2690 (0.
291 2625 323 2674 Ο.
337 2623 464 2675 Mueller:
484 2623 525 2672 De
539 2623 641 2674 Poliad.
662 2637 689 2686 p.

150 2695 193 2752 23,
202 2701 239 2754 et,
247 2698 360 2744 notente
371 2695 429 2750 Gr„
438 2693 465 2740 in
473 2691 610 2756 Goetting.
621 2693 687 2742 Anu.

152 2765 229 2817 1822.
240 2781 279 2814 nr.
291 2764 332 2813 47.
344 2777 407 2825 pag.
420 2761 470 2812 403
481 2766 508 2811 et
521 2763 569 2825 qui
581 2762 690 2814 Muelle-

150 2851 207 2886 rum
218 2830 689 2898 sequiturRose:Inscriptt.Graeoc.

150 2899 430 2970 pcg.155.)‚equidem
440 2899 530 2948 malim
541 2901 692 2965 sequillos·

739 2133 799 2186 nid.
827 2139 854 2182 et
877 2135 1013 2185 Saucrol'ti
1040 2135 1111 2186 libro
1133 2131 1207 2201 lucin
1229 2153 1277 2204 pro

740 2204 812 2268 vulg.
833 2195 928 2265 ἱρηΐη,
955 2204 1026 2267 quod
1045 2205 1108 2254 ferri
1126 2223 1181 2258 non
1199 2223 1278 2270 posse

741 2273 834 2323 docuit
848 2272 963 2323 Bredou.
978 2289 1004 2332 ρ.
1018 2273 1075 2322 128.
1092 2273 1149 2327 185.
1160 2275 1281 2326 Dindori

741 2342 790 2406 (cl.
805 2341 955 2394 Commeat,
974 2343 1006 2392 de
1023 2341 1085 2391 dial.
1100 2343 1200 2396 Herod.
1213 2361 1277 2410 pag.

739 2410 791 2476 xl)
806 2407 974 2472 deditione,
988 2421 1101 2475 euntque
1114 2418 1224 2464 secutus
1237 2417 1279 2462 est

740 2479 863 2532 Dietsch.
906 2480 1079 2530 Sacerdotem
1107 2485 1199 2531 sutem
1225 2481 1279 2545 ple·

740 2565 854 2616 rumque
871 2549 1027 2614 intelligunt
1044 2565 1116 2611 eam,
1139 2566 1209 2614 quae
1227 2551 1281 2600 luit

740 2621 881 2671 Minervae
906 2618 1041 2670 Poliedis.
1065 2635 1135 2684 quse
1159 2619 1280 2670 molestis

740 2691 863 2757 quemvis
874 2689 979 2754 legibus
996 2689 1128 2739 obstricta
1142 2690 1213 2740 inter
1227 2691 1281 2754 pri-

740 2777 798 2812 mas
811 2764 902 2810 tamen
913 2758 1078 2810 Athenarum
1091 2763 1149 2809 erst
1160 2759 1281 2820 dignite-

740 2835 798 2887 tes.
814 2835 844 2880 ut
856 2833 1024 2892 monstrant,
1039 2845 1109 2894 quae
1123 2829 1191 2880 citat
1204 2829 1233 2878 C.
1248 2828 1281 2881 0.

741 2898 865 2950 Mueller:
882 2899 1019 2963 Aeginett.
1032 2915 1094 2962 pse.
1108 2899 1149 2947 10.
1182 2901 1252 2950 Nam
1266 2913 1281 2948 e

151 2969 559 3038 sium(llrchseolog.dufsdtze
571 2968 692 3035 psg.130
741 2969 910 3020 nobilissima
934 2973 962 3018 et
985 2968 1179 3033 antiquissime
1198 2969 1282 3019 Bute-

151 3041 240 3106 seq.)‚
259 3043 306 3106 qui
321 3055 381 3091 curn
395 3038 551 3088 Herodotus
563 3039 691 3102 templum
742 3039 835 3089 darum
851 3057 872 3088 s.
886 3037 1118 3089 Eteobutaderum
1137 3039 1222 3101 stirpe
1235 3037 1283 3087 illa

150 3113 292 3164 Minervae
318 3109 440 3160 Poliadis
469 3109 518 3158 sub
545 3107 692 3158 Erechthei
743 3113 803 3157 orte
819 3114 893 3170 erat,
913 3123 973 3159 curn
990 3107 1141 3172 heecgens
1157 3107 1283 3158 secerdo-

152 3180 354 3240 sienifioetioue
375 3177 585 3241 comprehendat
601 3177 691 3240 (VIII,
742 3177 808 3226 tium
824 3178 907 3228 hoca
927 3178 1018 3242 prisca
1038 3177 1100 3226 inde
1118 3182 1210 3228 aetate
1230 3177 1283 3228 sibi

151 3251 217 3316 hh).
238 3255 266 3300 et
284 3250 312 3300 h.
331 3248 350 3300 l.
371 3253 398 3297 et
413 3247 475 3296 aliis
494 3246 561 3296 locis
581 3245 633 3312 (V,
647 3245 691 3297 00.
742 3246 909 3297 retinuisset.
947 3246 988 3298 ct.
1008 3245 1134 3296 henchin.
1158 3246 1191 3296 de
1211 3247 1283 3297 false

151 3322 229 3378 vm.
245 3320 287 3370 51.
300 3319 342 3370 53.
354 3315 400 3381 54)
415 3317 448 3366 de
460 3315 693 3368 alterodlinervae
743 3314 826 3376 legul.
846 3319 871 3378 ξ,
889 3316 922 3364 20
942 3314 976 3376 (5.
997 3316 1030 3365 42
1046 3315 1148 3380 Brem.)
1167 3321 1195 3366 et
1213 3331 1283 3380 queo

152 3389 254 3455 templo
268 3389 296 3438 in
309 3403 371 3438 erce
387 3386 561 3450 cogitandum
575 3399 635 3437 esse
647 3386 693 3435 do·
744 3385 777 3434 de
788 3384 839 3434 hac
849 3383 990 3434 sacerdote
1000 3385 1167 3436 excitavitG.
1175 3387 1206 3436 F.
1215 3387 1284 3436 ller-

152 3457 300 3523 cuIt‚quod
310 3453 693 3516 sPersisdestruotum(VIII‚
743 3469 837 3503 menn:
858 3453 1063 3503 Gottesdienstl.
1075 3454 1191 3530 dltertlr.
1204 3457 1228 3516 5.
1239 3457 1283 3506 01.

152 3529 199 3594 hl)
218 3529 306 3578 denuo
326 3531 353 3577 et
369 3525 449 3588 longe
467 3523 634 3589 splendidius
647 3541 693 3574 ex·
743 3526 801 3572 not.
817 3523 857 3575 12,
887 3521 965 3586 Quod
982 3523 1017 3571 ed
1036 3519 1148 3590 θρονον
1160 3526 1218 3575 sive
1231 3523 1284 3575 sel-

153 3603 286 3650 structum
302 3595 589 3646 Parueuouunomtne
609 3592 692 3643 incle·
743 3592 797 3641 lem
821 3593 953 3657 insignem
976 3591 1092 3653 attinet,
1117 3594 1145 3643 in
1164 3609 1219 3658 qus
1241 3610 1284 3645 so-

153 3669 209 3718 ruit
223 3682 245 3718 s.
261 3666 454 3726 Ησοστοιανεσί,
474 3668 545 3714 teste
555 3662 693 3726 Hesychio
744 3662 870 3712 lemuiter
880 3663 975 3712 sedens
985 3662 1133 3726 cogitanda
1143 3669 1184 3714 est
1194 3679 1285 3714 sacer-

153 3738 194 3787 sic
210 3736 358 3787 scribente:
379 3725 602 3795 Ἑκατόμπεδος·
625 3723 695 3787 νεῶς
746 3731 811 3792 dos,
832 3732 962 3782 observet
982 3732 1052 3782 idern
1071 3733 1140 3781 Rosa
1161 3732 1179 3783 l.
1200 3748 1286 3798 supra

153 3798 185 3856 ἐν
204 3802 240 3869 τῇ
257 3794 409 3864 ἀκροπόλει
428 3795 570 3864 Παρθένῳ
590 3799 641 3865 (sic
658 3799 697 3851 ls-
745 3801 763 3850 l.
779 3816 840 3866 pag.
854 3801 916 3864 113,
933 3817 1015 3866 prope
1029 3801 1225 3852 Parthenonem
1239 3817 1287 3851 nn-

154 3875 270 3944 gendum
283 3889 332 3938 pro
345 3869 514 3938 παρθένοις)
526 3883 696 3920 αατασκενα-
747 3885 794 3935 per
807 3874 909 3920 erutam
921 3886 980 3922 esse
993 3871 1120 3922 eulmiam
1132 3869 1287 3922 huiusmodi

155 3939 239 4001 odric
251 3933 309 3992 riui
325 3935 499 4005 Ἀθηναίων,
521 3936 622 4002 μείζων
633 3935 697 3988 τοῦ
748 3938 840 3989 ιο11ιιω
853 3955 985 3991 marmore
998 3941 1100 3991 laetam
1119 3945 1146 3991 ct
1162 3938 1287 4002 imagini-

154 4002 511 4078 ἐμπρησθέντοςῦπό
529 4006 698 4068 τῶνΠερ-
747 4009 798 4060 bus
824 4015 964 4072 ornatam,
992 4025 1104 4074 eamque
1130 4007 1287 4070 suspicatur

155 4079 227 4132 orris
261 4075 344 4130 ποσλ
376 4070 609 4142 πεντήκοντα.
655 4077 697 4127 De
747 4094 872 4129 unamex
884 4081 918 4130 iis
932 4077 1232 4142 sellislnisse‚qnibus
1245 4091 1288 4126 ss·

156 4152 243 4219 priori
261 4150 343 4212 igitur
354 4148 405 4198 hoc
419 4147 532 4212 templo,
550 4147 620 4212 quod
633 4148 698 4198 Per·
748 4149 843 4199 cerdos
857 4149 973 4199 insidere
985 4148 1101 4197 solebat.

156 4237 205 4272 sac
214 4219 430 4278 combusserunt,
438 4204 563 4281 quodqde
572 4221 600 4266 et
608 4216 697 4280 ipsum
789 4213 858 4276 πρὶν
882 4206 969 4283 :iric
989 4209 1084 4277 θύρας
1103 4205 1192 4264 αὐτὸν
1210 4209 1288 4278 ἀμεῖ-

155 4287 352 4350 Hecatcmperli
365 4301 461 4336 nornen
473 4285 601 4336 habuisse
612 4284 698 4334 credi·
748 4284 814 4351 ραι]
836 4287 854 4335 1.
870 4303 894 4338 e.
907 4290 1052 4350 priusquam
1065 4289 1195 4337 intrasset.
1228 4287 1288 4349 Quo

155 4359 211 4410 hile
221 4362 263 4409 est
276 4355 343 4420 (vid.
354 4356 433 4405 Rosa.
445 4355 463 4404 l.
473 4353 491 4404 l.
503 4371 565 4420 pag.
577 4353 634 4420 131.
647 4353 696 4404 132
748 4355 841 4409 eodem
854 4355 1007 4416 significatu
1025 4355 1136 4406 verbnm
1151 4345 1202 4416 ἀρε
1212 4353 1286 4422 θην,

155 4428 244 4492 σοι),
272 4425 323 4476 hcc
346 4423 408 4476 loco
431 4425 484 4477 erit
505 4422 696 4491 cogitandum:
747 4425 1289 4492 utuotstWesseling.‚inSophocl.Plri-
