3058 4976
568 369 747 436 ERATO.
768 368 824 437 Vl·
848 379 986 440 tn-lot
1285 376 1346 441 365

212 553 353 642 Πέρσεω
366 555 538 635 οἴσεσθαι,
560 541 745 638 προδοσίην
767 547 993 630 ἐσκευάζοντο.
1029 547 1152 636 μαθων
1168 549 1206 618 δὲ
1219 551 1349 621 τούτων

213 658 352 744 ἑκάτερα
370 650 414 734 ὡς
430 653 497 740 εἶχε
513 658 672 741 Αἰσχίνης
693 649 907 736 ὁΝόθωνος,
929 649 994 718 ε’ὠν
1014 659 1082 720 τῶν
1096 650 1289 742 Ἐρετριέων
1308 654 1348 724 τὰ

213 765 328 848 πρῶτα
336 811 345 843 ,
363 758 479 845 φράζει
493 771 578 825 τοῖσι
589 753 709 844 ἥκουσι
723 761 791 826 τῶν
800 754 992 843 Ἀθηναίων
1007 756 1115 824 πάντα
1129 755 1169 824 τὰ
1181 757 1347 846 παρεόντα

213 887 274 950 σφι
294 861 487 950 πρήγματα·
525 859 723 948 προσεδέετό
750 887 784 928 τε
810 856 1089 928 ἀπαλλάσσεσθαί
1107 883 1212 946 σφεας
1233 864 1265 940 ἐς
1286 860 1347 949 τὴν

213 969 397 1060 σφετέρην,
418 969 475 1032 ἵνα
495 961 540 1052 μὴ
561 963 848 1051 προσαπόλωνται.
877 967 911 1029 oi
923 961 960 1030 lt
978 959 1153 1050 Ἀθηναῖοι
1164 969 1268 1032 ταῦτα
1283 972 1344 1033 Al-

213 1077 310 1156 σχίνη
325 1066 615 1155 συμβουλεύσαντι
636 1073 830 1136 πείθονται·
854 1066 910 1132 καὶ
924 1054 1016 1132 οὗτοι
1036 1065 1098 1153 μὲν
1120 1065 1296 1155 διαβάντες
1313 1072 1347 1148 ἐς

210 1169 366 1260 Ώρωτιόν
388 1176 510 1252 ἔσωζον
529 1173 633 1255 σφέας
651 1166 782 1248 αὐτούς.
826 1172 872 1236 ol
890 1168 926 1236 δὲ
941 1172 1067 1256 Πέρσαι
1088 1172 1245 1250 πλέοντες
1265 1188 1408 1247 κατ-1111

161 1277 317 1362 4s5s'opov
326 1271 384 1353 τὰς
398 1275 475 1352 νέας
487 1277 545 1360 τῆς
558 1267 742 1362 Ἐρετρικῆς
755 1271 863 1361 χώρης
877 1269 959 1340 κατὰ
975 1271 1129 1359 Ταμύνας
1140 1276 1196 1342 καὶ
1205 1279 1345 1364 Χοιρέας

119 1489 121 1494 ·
215 1473 271 1523 elis
288 1471 477 1523 Ilemsterlrus.
500 1471 534 1520 ud
552 1471 666 1522 Lucina.
685 1469 756 1521 Tim.
807 1473 888 1520 triam
903 1469 1068 1534 hodiernum,
1083 1488 1153 1538 qliae
1164 1479 1191 1522 ct
1202 1473 1263 1537 ipsa
1275 1479 1348 1524 vete·

215 1559 276 1607 cup.
288 1543 331 1594 35.
371 1541 440 1592 Add.
458 1541 573 1592 Siebclis
589 1539 623 1589 ad
638 1541 756 1590 Peneon.
806 1543 843 1591 ris
857 1543 982 1591 Eretriae
996 1541 1056 1592 loco
1069 1549 1209 1592 exstructa
1226 1549 1282 1592 est:
1301 1559 1348 1592 vo-

215 1612 299 1672 Vlll,
316 1613 359 1662 50.
380 1615 405 1674 ς.
429 1611 439 1659 Ι
464 1617 490 1658 et
514 1624 582 1674 quoe
604 1609 758 1659 attulerunt
807 1617 886 1661 catur
900 1611 1035 1662 Stalohic
1049 1611 1134 1666 locus.

126 1741 129 1748 Ι
215 1681 365 1732 Blomficld.
392 1683 419 1729 in
436 1679 557 1730 Glossar.
580 1681 613 1729 ad
630 1678 756 1744 Aeschyl.

215 1753 290 1800 l'crs.
302 1752 312 1800 1
326 1757 354 1800 et
367 1751 529 1813 interpretes
539 1747 755 1813 addristophan.
1027 1799 1036 1820 Ἰ

214 1821 284 1870 Rau.
303 1821 363 1870 4:³1.
401 1820 530 1869 Imitatus
553 1823 595 1869 est
613 1819 758 1868 Lucretius
1015 1800 1081 1852 W·
1101 1799 1146 1850 ⁰1·

215 1890 259 1952 11,
274 1889 322 1940 ὃσα
347 1889 493 1952 „ductores
508 1889 634 1938 Densum
647 1889 755 1952 delecti,
846 1912 982 1982 κατέσχον
1003 1911 1055 1974 τὰς
1073 1915 1148 1984 νέας]
1177 1920 1218 1969 Ad
1237 1920 1348 1970 verbum

212 1961 294 2021 '’rim“
309 1959 447 2011 ”i'⁸⁰r“”¹·‘⁸
806 1983 934 2052 κατέχειν
953 1989 1042 2052 (naves
1057 1989 1198 2053 adpellere)
1216 1990 1288 2038 conf.
1300 1991 1349 2053 VI,

248 2051 275 2118 ἐς
287 2054 428 2126 Ὠρωπὸν]
442 2059 542 2124 Oropus
552 2077 566 2111 e
577 2063 687 2125 regione
697 2065 757 2110 eret
806 2060 848 2108 95.
868 2059 929 2120 Vll,
942 2059 985 2108 49.
1002 2057 1063 2120 vn,
1080 2059 1137 2108 188.
1155 2059 1232 2120 Vlll,
1246 2061 1290 2108 se.
1303 2060 1347 2112 41.

215 2131 353 2194 Eretriae,
373 2147 460 2195 parvo
478 2131 624 2181 intervallo
642 2129 704 2179 hinc
718 2146 756 2179 re·
807 2127 936 2178 Schseler
954 2126 989 2176 ad
1006 2126 1102 2176 hamb.
1120 2127 1184 2177 Bos.
1198 2127 1241 2175 De
1259 2127 1347 2192 ellips.

215 2209 316 2250 motum
329 2201 472 2266 oppidum,
495 2200 757 2266 quodpriuslloeo-
808 2199 838 2247 L.
857 2197 903 2247 Gr.
926 2213 989 2260 pag.
1008 2195 1067 2246 318.
1096 2195 1347 2249 Praemissus.

215 2273 270 2320 tiae
295 2285 457 2333 accensum,
486 2272 520 2320 ab
544 2269 756 2322 Atheniensibus
807 2263 936 2322 Δᾶτις-
955 2261 995 2320 εἰς
1009 2262 1184 2328 Μαραθῶνα
1205 2261 1290 2312 παντὶ
1308 2262 1349 2332 τῷ

213 2345 311 2403 postea
326 2345 487 2404 occupatum
503 2345 559 2403 cst,
580 2339 627 2404 qui
646 2339 709 2388 inde
729 2340 756 2386 in
806 2327 895 2402 στόλῳ
910 2332 1032 2397 κατέσχε.
1065 2336 1142 2397 Quue
1156 2349 1217 2383 mox
1236 2335 1348 2398 ditionis

214 2411 345 2459 Boeotiae
363 2424 443 2474 agros
463 2425 605 2459 excurrere
621 2407 755 2460 solebant.
806 2404 971 2455 Eretriensis
984 2409 1118 2454 vocantur
1131 2403 1242 2470 oppide,
1256 2420 1348 2454 eorum

215 2478 287 2527 llinc
299 2479 408 2542 saepius
421 2485 570 2544 pugnatum
579 2493 640 2529 csse
649 2480 757 2542 occepi·
806 2474 906 2525 nullam
924 2475 996 2539 epuli
1010 2472 1081 2523 elios
1091 2475 1242 2538 scriptores
1259 2475 1349 2540 reperi

215 2563 275 2598 ruris
296 2547 329 2598 de
350 2547 401 2596 hoo
418 2551 477 2613 ipso
495 2548 564 2598 loco.
603 2547 664 2597 Vid.
680 2549 756 2597 Man-
807 2546 983 2605 mentionem,
1006 2544 1060 2594 uisi
1076 2544 1147 2608 quod
1162 2543 1260 2594 Strabo
1273 2545 1305 2593 11.
1319 2561 1346 2610 p.

216 2623 285 2669 nort.
306 2617 384 2666 11111.
403 2633 466 2682 pag.
487 2618 553 2676 ull,
576 2623 603 2667 et
621 2618 755 2682 imprimis
806 2617 857 2666 ltl
876 2615 992 2666 assiu
1011 2615 1151 2679 Τανιηκαο,
1179 2614 1226 2663 nbi
1243 2613 1348 2678 insigne

214 2688 316 2736 Kruse:
336 2685 431 2737 Helles
445 2689 482 2750 11,
498 2687 519 2736 1.
536 2702 564 2750 p.
579 2687 630 2736 282
646 2696 673 2737 et
685 2687 754 2739 Lnd.
806 2683 942 2748 Apollinis
971 2683 1117 2748 ternplum,
1145 2690 1346 2734 commemorat.

215 2756 329 2806 Stacke:
354 2756 397 2804 Ds
415 2757 519 2821 Oropo,
539 2757 672 2806 Boeotiae
691 2757 756 2806 urbe
805 2755 896 2818 Atque
910 2753 1031 2802 eiusdem
1051 2753 1125 2803 urbis
1143 2754 1226 2804 etism
1247 2755 1349 2802 mentio

213 2825 368 2889 (Morburgi
377 2824 482 2875 Cattos.
494 2826 641 2890 18·t·l)psg.
652 2825 669 2876 9
679 2840 755 2889 seqq.
806 2822 879 2888 apud
893 2823 985 2888 Steph.
998 2824 1062 2886 llys.
1073 2839 1095 2876 s.
1108 2838 1133 2872 v.
1145 2838 1207 2888 pag.
1220 2821 1280 2873 1191.
1297 2823 1351 2872 De·

213 2895 248 2944 20
259 2909 335 2960 seqq.
364 2895 441 2944 Nunc
456 2896 484 2944 in
502 2896 556 2944 ists
570 2899 681 2960 regione
694 2910 755 2944 curn
806 2892 903 2941 mosth.
915 2908 937 2942 c.
947 2892 1015 2942 Mid.
1027 2909 1054 2958 p.
1066 2891 1196 2954 3114,3111,
1211 2891 1286 2957 [pag.
1297 2892 1348 2942 567

214 2966 368 3028 reperietur
380 2965 458 3013 vicus
471 2979 588 3028 pauper,
602 2965 647 3013 cui
659 2977 757 3012 nomen
806 2959 913 3026 Reisk.]
934 2977 959 3013 c.
976 2963 1070 3014 Boset.
1088 2977 1114 3026 p.
1130 2964 1195 3021 578,
1213 2964 1254 3012 20.
1276 2957 1349 3026 [pag.

214 3036 287 3097 llopo
300 3049 322 3082 s.
337 3033 435 3095 Oropo,
456 3033 527 3083 hunc
542 3033 632 3082 vicum
645 3035 673 3081 in
684 3041 757 3083 vete·
806 3027 979 3095 99911.]ε1σ.,
991 3047 1061 3096 quae
1072 3029 1348 3094 arcutirtlalckenar„

215 3104 251 3152 ris
265 3101 351 3166 Oropi
364 3101 453 3152 locum
463 3103 579 3153 cessisse
593 3101 665 3152 houd
674 3103 758 3168 pauci
807 3102 853 3166 qui
869 3103 958 3165 ipsum
970 3116 1065 3150 vocem
1083 3095 1218 3162 Ταμύνας
1230 3115 1244 3149 e
1258 3115 1349 3150 corrn-

215 3170 402 3232 crediderunt,
434 3172 550 3222 nominis
577 3172 757 3222 similitudine
806 3179 855 3236 pto
869 3165 998 3234 τέμενος,
1021 3169 1093 3234 quod
1111 3169 1192 3220 codd.
1206 3169 1348 3234 praebent,

215 3241 303 3290 ducti:
327 3241 392 3290 licet
411 3241 547 3291 hicvicus
564 3257 580 3291 a
597 3243 665 3291 mari
682 3243 767 3314 ebsip,
807 3242 910 3304 primus
935 3241 1066 3289 restituit.
1108 3237 1188 3289 Unde
1212 3240 1258 3288 vix
1284 3239 1350 3290 licet

214 3311 314 3376 viginti
333 3311 415 3361 seruis
433 3311 544 3372 stadiis,
571 3311 690 3376 Oropum
710 3327 758 3361 au·
807 3309 1014 3359 nuncindicare
1033 3308 1108 3369 locs,
1131 3308 1349 3373 inquibuslraec

216 3385 287 3442 tem,
308 3385 430 3432 veterum
451 3382 609 3431 testimonis
627 3381 651 3429 si
671 3383 756 3445 respi·
805 3379 907 3443 oppido
917 3377 1019 3428 fuerint
1029 3383 1179 3427 exstructa.
1203 3379 1307 3440 Qusde
1320 3395 1348 3428 re

214 3452 334 3512 ciamus,
352 3451 386 3500 sd
401 3452 489 3514 ipsum
505 3465 579 3500 mare
593 3464 626 3500 ex
640 3449 756 3500 adverso
806 3448 899 3498 Leuke
909 3447 1036 3510 (Trnvels
1049 3448 1076 3496 in
1086 3447 1183 3498 North.
1195 3447 1298 3498 Greece
1310 3449 1349 3499 11.

215 3522 338 3570 Eretriae
356 3520 441 3570 ferme
462 3522 543 3570 sitam
561 3520 646 3570 luisse
659 3519 754 3583 probs·
806 3533 832 3583 p.
848 3516 993 3580 439)1ιαεο
1008 3517 1135 3581 scripsit:
1160 3515 1304 3582 „Ghymnd
1325 3519 1348 3568 is

215 3589 295 3640 bilius
307 3590 353 3640 sit.
378 3591 468 3652 Quare
480 3589 578 3654 Finlsy
589 3589 617 3638 in
629 3588 757 3653 Epistola
806 3585 923 3652 perhaps
933 3586 979 3637 tlte
989 3587 1040 3636 site
1051 3587 1228 3652 olTampnsc
1237 3587 1290 3637 and
1302 3587 1347 3638 the

214 3657 756 3725 ndLeskiumvirumdnglumdats(vid.
806 3657 948 3706 mountain
967 3655 1011 3707 the
1030 3657 1141 3706 ancient
1156 3657 1346 3720 Ootylaenm.¹‘

216 3729 375 3779 Hoffmann:
403 3730 455 3779 Die
475 3728 524 3779 sit.
544 3728 698 3794 Geogrsph.
717 3728 754 3778 11.
806 3728 861 3788 Qui
874 3725 983 3791 singule.
997 3726 1126 3776 Euboeae
1141 3725 1204 3776 locs
1219 3733 1347 3778 accurate

215 3813 242 3862 p.
254 3800 285 3847 11
301 3796 389 3864 seqq.)
401 3803 428 3848 et
439 3798 541 3850 Prsller
555 3797 677 3862 (Bericht
689 3797 714 3848 d.
727 3798 754 3850 k.
807 3795 952 3859 descripsit
964 3795 1062 3846 Girard
1076 3793 1220 3860 (srehives
1232 3797 1258 3849 d.
1272 3800 1347 3847 miss.

215 3867 309 3918 Silchs.
324 3865 474 3919 Gesellssh.
492 3868 518 3917 d.
533 3868 755 3920 Wissenschaitt.
806 3865 951 3930 scientifiq.
967 3864 984 3914 1.
998 3865 1039 3930 1.),
1053 3865 1076 3914 ir
1092 3865 1122 3914 in
1141 3867 1266 3930 Tempore
1281 3882 1348 3930 quo-

218 3936 366 3990 lenshist.
375 3935 467 4001 philol.
476 3937 563 3988 Closs.
572 3937 625 3987 111.
637 3937 683 3990 1v.
694 3952 754 4002 pag.
807 3951 859 4002 que
879 3935 991 4000 eiusque
1015 3937 1097 3984 situm
1119 3936 1263 4000 inquisivit
1284 3951 1347 3998 pag.

216 4005 425 4072 ll'lseqq.)‚qui
434 4007 641 4056 accuratissime
651 4007 679 4054 in
688 4005 756 4056 hoec
806 4005 858 4056 1180
870 4019 946 4070 seqq.
961 4003 1043 4070 idque
1053 3997 1181 4070 oppidum
1194 4005 1300 4053 invenit
1311 4005 1348 4052 si·

214 4075 429 4140 inquisiverunt,
441 4075 622 4138 contendunt,
637 4080 756 4126 veterem
806 4081 863 4125 tum
876 4075 962 4126 inisse
975 4091 1007 4126 eo
1020 4075 1104 4126 terme
1118 4074 1190 4133 loeo,
1208 4089 1261 4138 quo
1275 4087 1346 4122 nunc

215 4144 335 4210 Oropum
356 4161 388 4195 eo
404 4148 497 4209 potius
515 4145 575 4194 loco
592 4147 688 4208 quaeri
710 4145 755 4196 de·
806 4145 883 4195 vicus
906 4161 1020 4210 magnus
1040 4143 1209 4204 extenditur,
1238 4143 1346 4192 nornine

214 4215 291 4277 bere,
310 4215 356 4264 ubi
371 4214 405 4264 sd
420 4215 510 4279 ipsum
529 4229 602 4263 mure
618 4215 756 4264 iuvenitur
806 4214 917 4269 Adorei.-
935 4211 1057 4278 Χοιρέας
1073 4219 1155 4278 utque
1172 4205 1283 4274 Alyatte
1299 4228 1347 4277 op·

214 4284 291 4334 vicus
310 4285 436 4348 exiguus,
461 4282 561 4348 viginti
581 4283 665 4332 ferme
682 4285 755 4332 cusis
806 4283 871 4346 pide
890 4283 974 4333 inisse
991 4287 1081 4335 vicina
1104 4297 1190 4346 enqnc
1215 4281 1346 4334 interiora

213 4359 355 4409 constans.
377 4355 448 4403 unde
466 4353 597 4404 treiectus
613 4353 669 4402 lieri
686 4352 756 4402 solet
804 4351 875 4402 idern
893 4353 1006 4402 iudicat.
1039 4354 1138 4416 Attigit
1155 4367 1263 4417 qnoque
1278 4353 1347 4405 lrsec

213 4424 248 4474 sd
258 4424 413 4489 oppositam
422 4423 549 4474 Euboeae
559 4423 645 4488 ripum
655 4422 681 4472 in
691 4423 757 4474 Ere·
804 4421 867 4473 locs
881 4422 990 4473 Ulrichs
1004 4424 1047 4472 in:
1068 4423 1163 4476 iiheiu.
1180 4424 1252 4474 Mus.
1267 4427 1300 4478 N.
1313 4427 1345 4480 F.
