3062 4986
183 311 188 322 '
248 310 311 373 482
684 311 952 374 HERODOTI

249 483 287 554 dl
301 489 442 577 τελευτᾷ
454 485 487 564 ἐς
507 481 570 573 τὴν
583 481 723 574 ἤπειρον
736 483 773 554 τὸ
785 481 879 574 ὅρος,
900 484 1170 574 χερσονησοειδές
1186 484 1225 554 ιε’
1241 485 1377 554 ἐστικαὶ
1393 449 1401 458 ¹

249 684 346 738 melien
367 685 406 739 ll.
432 700 494 750 cap.
521 684 560 736 10.
587 701 650 750 pag.
672 689 688 737 4
712 701 787 752 seqq.
838 683 873 736 lis
891 687 975 736 arenis
992 701 1064 736 nuuc
1083 685 1176 736 multis
1193 685 1261 736 locis
1283 683 1376 750 repleti

248 755 375 808 Pluribus
386 771 494 820 qnoque
505 755 537 805 de
548 756 607 820 ipso
618 760 709 807 monte
719 756 790 807 eius·
838 757 957 821 vestigia
967 755 1075 806 Aeliani
1091 759 1183 806 aetate
1195 753 1284 804 adhue
1298 751 1380 804 exstil

250 839 301 890 que
313 823 430 875 historia
443 830 471 874 et
484 825 641 875 conditione
650 825 789 890 praesenti
838 826 932 876 teriut.
969 825 1041 886 Quin
1059 824 1147 875 adhuc
1161 825 1237 875 clais
1251 825 1310 874 clus
1325 825 1378 875 fos·

249 900 433 959 exposuerunt
465 893 665 959 Fallmerayer:
701 895 789 959 Frag·
839 910 886 945 sae
904 894 1184 960 vestigiaauperease
1196 894 1291 944 docuit
1302 893 1379 944 Choi-

138 973 143 986 '
249 968 339 1014 mente
354 968 406 1014 eto.
420 963 453 1016 T.
464 963 500 1012 ll.
512 963 547 1012 ab
560 964 653 1025 initio.
670 964 788 1014 Webber
838 963 1045 1014 seul-Goulfier:
1062 963 1173 1030 voyage
1188 964 1331 1029 pittoresq.
1344 964 1377 1013 da

248 1033 338 1082 Smith
352 1034 394 1082 in:
413 1031 529 1083 Journal
542 1032 572 1082 ol
582 1047 673 1099 geogr.
687 1032 787 1084 Societ.
837 1032 865 1083 la
878 1031 966 1083 Grhce
977 1033 1015 1083 II.
1027 1033 1058 1083 Ρ.
1076 1031 1098 1082 1.
1111 1049 1173 1098 pag.
1191 1033 1254 1095 148,
1266 1047 1377 1082 accura-

248 1103 311 1152 VII.
326 1119 354 1167 p.
373 1102 404 1152 61
421 1115 496 1166 seqq.
517 1106 545 1152 et
558 1102 678 1152 Didrou:
696 1103 789 1152 Anna·
838 1107 893 1152 taur
910 1102 1016 1164 isthmi,
1040 1117 1088 1168 per
1104 1117 1183 1167 quem
1202 1103 1277 1152 losse
1294 1103 1376 1152 ducta

247 1171 287 1221 lea
309 1169 533 1235 arohdoloquuea
557 1170 616 1219 Vol.
637 1172 685 1222 1v.
708 1186 739 1236 p.·
753 1172 787 1222 70
836 1173 904 1234 luit,
931 1171 1139 1236 descriptionem
1160 1171 1290 1223 exhibens
1312 1187 1375 1236 pag.

242 1237 324 1305 seqq.
340 1239 388 1290 133
402 1254 476 1305 seqq.
493 1239 544 1290 223
558 1255 632 1305 seqq.
645 1241 678 1294 V.
691 1255 717 1305 p.
737 1242 786 1291 147
838 1242 888 1291 145
908 1255 984 1307 seqq.
1004 1241 1099 1290 addita
1118 1241 1301 1292 delineatione
1319 1243 1377 1306 aeri

248 1309 445 1442 oelgtaxrlplltls
454 1307 665 1429 lltllullqlleos
678 1383 788 1444 practer
835 1325 924 1444 {llll
930 1347 938 1374 ³
948 1309 1376 1444 clllnslplrlgerfamllsetllmlitelpllllill
1409 1393 1416 1406 ·

247 1447 391 1499 Strabonis
409 1445 499 1497 locum
525 1447 553 1495 in
571 1447 711 1512 Excerptt.
732 1451 787 1500 Va·
835 1451 906 1499 hanc
926 1449 1048 1500 tabulam
1071 1449 1141 1500 (teil.
1158 1451 1200 1500 ln:
1225 1449 1376 1500 Atlashlu

246 1517 310 1568 ticc.
324 1516 409 1579 VIII,
427 1516 461 1566 34
482 1513 541 1579 (ubi
557 1515 628 1566 inter
647 1517 703 1566 alia
717 1517 785 1568 haee
835 1517 1006 1585 Gdographie
1016 1518 1193 1582 d'Hcrodote,
1206 1517 1376 1584 Thucydide,

246 1585 386 1652 leguntur:
412 1575 541 1634 ἐνταῦθα
559 1579 591 1633 δὲ
614 1581 783 1648 haldesleve
835 1588 987 1654 Xenophon
1006 1594 1060 1640 ate.
1080 1589 1101 1638 I.
1122 1604 1164 1642 nr.
1180 1589 1211 1639 17
1226 1587 1287 1638 coll.
1300 1590 1375 1638 hna-

246 1653 391 1705 δείιινοται
419 1646 437 1718 ἡ
467 1649 532 1716 περὶ
557 1649 611 1716 τὴν
633 1649 784 1717 Ἄκανθον,
834 1655 893 1722 lyae
907 1657 954 1707 des
971 1662 1062 1708 cartes
1081 1672 1107 1721 p.
1123 1657 1157 1708 20
1172 1671 1248 1722 seqq.
1263 1662 1291 1707 et
1304 1656 1374 1708 Geo-

246 1716 319 1774 καθ’
333 1715 370 1789 ἣν
381 1719 490 1786 Ξέρξης
504 1714 636 1772 zeritha
654 1719 785 1784 διορύξαι
834 1727 948 1792 graphio
962 1727 1129 1777 d'llerodcte
1144 1727 1176 1776 T.
1191 1727 1228 1777 ll.
1242 1741 1307 1791 pag.
1322 1728 1373 1778 251

246 1793 352 1857 λέγεται
363 1787 413 1841 τα1
424 1789 574 1856 διαγαγεῖν
586 1783 615 1839 h
630 1788 683 1840 τοῦ
695 1791 784 1853 Σιον-
834 1810 911 1862 seqq.
949 1796 989 1846 Ac
1008 1795 1105 1846 nititur
1126 1795 1206 1846 huius
1220 1797 1275 1846 τίτί
1293 1799 1374 1845 teati-

246 1859 367 1927 μονικοῦ
376 1855 485 1910 κόλπου
496 1853 603 1910 dedecori
613 1851 730 1924 Ἰσθμοῦ
742 1858 786 1909 δε·
833 1866 923 1915 monio
937 1866 1074 1915 Latroune
1091 1867 1133 1915 in:
1151 1865 1268 1916 Journal
1284 1864 1310 1916 d.
1323 1865 1372 1915 Sa-

246 1925 369 1996 ξοὶμενος
379 1924 432 1995 τὴν
444 1923 593 1980 θάλασσαν
603 1923 643 1986 εἰς
653 1924 705 1994 τήν
718 1922 786 2008 διορῖ
833 1947 900 1982 vans
917 1935 992 1986 1835.
1007 1951 1069 2000 pag.
1084 1935 1119 1984 84
1131 1939 1227 1985 contra
1239 1949 1286 1996 ea,
1302 1949 1373 1998 qnae

246 2015 327 2066 ρνχα.
343 1995 505 2064 Δημήτριος
516 1994 546 2048 δ’
559 1994 574 2050 ὁ
587 1992 719 2064 Σκήψιος
732 2013 785 2048 oon
833 2003 926 2065 posuit
937 2003 1102 2068 Cousindry:
1115 2003 1228 2068 Voyage
1239 2019 1272 2055 en
1281 2005 1373 2054 hlase-

244 2068 352 2134 οῐεται,
378 2065 557 2133 τελενσδῆναι
579 2064 631 2133 τὴν
656 2061 785 2132 διώνχα
834 2069 896 2120 don.
914 2069 993 2136 11.p.
1012 2073 1090 2126 lh3a
1110 2075 1226 2138 meipso
1242 2072 1305 2124 oliru
1321 2075 1372 2122 iur-

244 2134 365 2204 ταύτην·
389 2136 469 2204 μέχρι
485 2133 537 2202 μὲν
551 2133 603 2202 γὰρ
622 2128 641 2186 ι’
659 2135 783 2186 σταδίων
832 2145 956 2202 pugnata
979 2143 1020 2192 iu:
1046 2142 1240 2208 Heidelbergg.
1256 2142 1373 2192 Jahrbh.

245 2200 658 2288 sdpemvuuldposrp'valm.
681 2204 784 2271 διορω-
833 2207 910 2258 1834.
930 2223 991 2273 pag.
1010 2209 1043 2260 71)
1066 2226 1123 2277 seq.
1158 2213 1265 2262 Etenim
1293 2211 1372 2262 hicce

244 2269 780 2411 {leiti‘'ii’‘lz'it‘thi‘it‘tt'
830 2277 1221 2402 3333ῑ13ι.ξ“ἔ.333“’
1238 2282 1371 2400 3133·

244 2433 329 2480 nepem
347 2363 490 2481 sulperficr'es'
503 2361 647 2479 opuscul,
667 2415 781 2465 docente
830 2414 895 2463 nino
913 2381 1053 2464 exsiliisse
1071 2425 1165 2482 negat,
1191 2365 1321 2485 r’ellquias
1339 2436 1372 2470 se

244 2486 333 2540 Talei.
351 2488 380 2536 in
393 2485 597 2538 Thessalonice.
615 2501 640 2550 p.
653 2484 686 2534 87
700 2480 780 2548 soq.],
829 2482 967 2532 detexisse
988 2489 1097 2542 narrat,
1121 2483 1237 2536 δίολκον
1262 2494 1372 2540 tantum

244 2553 394 2608 σταδιαῖον
405 2548 507 2619 σχεδόν
517 2569 544 2603 τι
557 2546 588 2602 τὸ
601 2550 699 2617 μῆκος,
711 2542 780 2601 ὅσον
830 2551 917 2602 luisse
929 2552 1017 2602 videri
1031 2553 1121 2615 addit,
1134 2556 1180 2606 ubi
1194 2558 1311 2608 remulco
1322 2575 1373 2623 per

244 2617 297 2675 osis
316 2619 384 2674 ἐνὸν
402 2617 631 2687 ἐκλατομηδῆναι
651 2615 692 2670 δι’
710 2611 779 2670 ὅλον
829 2620 956 2672 Isthmum
968 2627 1076 2672 tractae
1085 2623 1185 2676 fuerint
1195 2641 1289 2678 naves.
1306 2629 1372 2681 Vid.

242 2692 323 2760 μέχρι
346 2689 509 2758 θαλάσσης,
531 2686 558 2740 εἰ
579 2683 611 2739 δὲ
629 2685 677 2738 καὶ
698 2684 780 2770 μέχρι
828 2689 937 2741 Annali.
950 2691 1074 2756 Gotting.
1092 2692 1165 2743 1833.
1178 2709 1217 2744 nr.
1232 2697 1291 2750 128.
1305 2712 1371 2762 pag.

241 2762 345 2828 δεῦρο,
361 2751 434 2826 calpe
444 2757 491 2810 καὶ
501 2752 572 2809 κατὰ
583 2756 692 2825 βυθοῦ,
708 2771 779 2810 αντε
830 2758 906 2811 1266.
942 2761 980 2811 at
996 2760 1051 2811 alie
1067 2777 1178 2826 prorsus
1198 2763 1294 2815 docent
1314 2769 1370 2817 viri

242 2827 333 2896 πόρον
357 2825 489 2895 γενέσθαι
512 2821 635 2894 πλωτὸν)
659 2830 780 2894 pertinet
829 2827 918 2891 docti,
934 2845 1001 2896 quoa
1016 2846 1098 2896 snpra
1110 2831 1232 2896 laudavi,
1245 2833 1372 2898 inprimis

240 2901 293 2953 huc
311 2915 390 2968 quarn
410 2901 526 2950 maxima
543 2898 613 2948 Pliu.
628 2899 664 2950 H.
683 2898 716 2948 N.
729 2897 779 2960 IV,
828 2897 935 2963 Leuke,
953 2901 1077 2965 Walpole
1091 2907 1119 2951 et
1130 2899 1240 2966 Spratt,
1260 2905 1307 2967 qui
1324 2919 1371 2954 ae-

243 2971 291 3034 10,
309 2972 340 3021 17
359 2970 394 3034 (5.
407 2968 453 3033 37)
472 2973 500 3020 et
512 2967 599 3018 Melae
614 2967 691 3018 locus
703 2968 747 3031 11,
762 2969 778 3017 2
828 2969 950 3019 curatius
960 2975 1047 3021 totum
1060 2970 1131 3020 hunc
1142 2976 1230 3021 terraa
1241 2975 1372 3036 tractum,

240 3040 302 3091 lin:
322 3039 426 3103 „Athos
443 3053 519 3089 mons
537 3042 579 3089 est
593 3037 661 3088 adeo
679 3037 778 3099 elatus,
828 3053 907 3103 quem
915 3040 1019 3091 Xerxes
1029 3039 1180 3105 perfodisse
1190 3039 1300 3104 dicitur,
1310 3056 1371 3106 per-

239 3108 406 3158 utcredatur
417 3107 498 3158 altius
509 3108 603 3171 etiam,
615 3121 695 3172 quam
706 3108 777 3158 unde
827 3109 997 3173 quisiveruut
1018 3115 1046 3160 et
1064 3113 1139 3160 certa
1162 3110 1243 3160 huius
1265 3110 1372 3160 canalis

238 3177 338 3228 imbres
349 3177 464 3239 cadunt,
479 3191 597 3242 surgere.
628 3176 707 3242 Cepit
721 3179 778 3242 opi·
826 3179 1372 3245 vestigiasibideprehendisaevisisunt,

237 3247 284 3296 nio
295 3245 383 3312 iidem,
398 3248 463 3314 quia
474 3246 507 3298 de
518 3247 582 3310 aris,
598 3261 666 3313 quaa
677 3248 706 3297 in
717 3261 777 3299 ver·
826 3247 895 3299 adeo
906 3249 1078 3300 utHerodoti
1086 3250 1207 3298 narratio
1216 3249 1278 3300 inde
1288 3264 1372 3314 quam

239 3316 293 3366 tice
302 3318 428 3381 sustinet,
439 3333 494 3368 non
504 3317 625 3368 abluitur
634 3317 714 3374 ciuis.
727 3317 776 3368 sed
828 3319 944 3369 maxime
967 3317 1149 3368 confirmetur.
1184 3319 1274 3368 Locus
1295 3333 1372 3370 nnnc

238 3401 290 3451 quo
300 3385 461 3452 relinquitur
468 3401 566 3454 aggere
577 3392 678 3438 manet.
707 3385 776 3436 an—
827 3393 943 3438 vocatur
953 3386 1101 3444 Prdololco5
1117 3401 1198 3453 quam
1208 3387 1374 3454 appellatio·

238 3460 323 3505 terum
354 3469 408 3507 non
432 3459 629 3522 promontorio,
658 3461 689 3506 ut
716 3455 776 3518 alii,
826 3472 997 3509 nemerooe
1010 3457 1116 3507 Graeca
1130 3450 1276 3518 προαύὶαξ
1291 3473 1373 3508 ssor-

237 3539 331 3575 verum
356 3531 430 3576 totus
450 3531 539 3578 exstat
560 3531 673 3592 totoque
694 3525 775 3591 longe
826 3531 956 3577 tamesae
977 3527 1043 3578 dicit
1055 3526 1147 3578 Lealre
1162 3526 1180 3580 1.
1194 3526 1211 3577 1.
1227 3535 1290 3593 pag.
1307 3525 1370 3580 143.

238 3593 318 3644 dorso
331 3595 454 3660 procedit
467 3597 495 3645 in
510 3596 637 3662 pelagus:
656 3596 702 3660 qui
712 3611 776 3646 con·
825 3595 918 3660 Ipsum
932 3595 1060 3646 isthmum
1078 3597 1113 3646 ab
1127 3611 1180 3647 uno
1194 3599 1265 3646 mari
1277 3597 1311 3648 sd
1324 3597 1370 3647 al·

237 3665 337 3714 tiueuti
347 3665 491 3727 adhaeret,
506 3681 523 3716 a
534 3666 623 3718 Xerxe
637 3665 665 3714 in
676 3663 774 3716 Graios
826 3670 913 3716 terum
927 3667 956 3715 in
971 3681 1032 3716 earn
1044 3665 1241 3731 longitudiuem
1253 3667 1369 3732 porrigi,

237 3733 363 3785 tendente
379 3735 517 3800 perfossus
536 3737 775 3800 transiugatusque
825 3749 895 3800 quae
912 3735 994 3786 ferme
1008 3741 1108 3800 aequet
1122 3736 1263 3786 duodecim
1276 3735 1369 3787 Hero-

237 3803 386 3866 est‚factua
396 3805 467 3855 freto
476 3805 625 3870 navigabili
635 3805 774 3868 parvius.“
824 3805 884 3854 doti
893 3805 994 3868 studia,
1008 3803 1129 3864 affirmat
1138 3805 1231 3856 Leahe
1244 3806 1370 3870 itemque

236 3873 277 3922 hd
290 3887 366 3938 quern
384 3872 471 3924 locum
488 3878 619 3924 accurata
630 3878 722 3923 exstat
735 3874 772 3925 Is.
823 3874 934 3938 Spratt‚
954 3876 1000 3940 qui
1017 3874 1223 3925 accuratissime
1241 3875 1369 3940 singulas

235 3943 326 3992 Vossii
342 3943 493 4006 disputatio
510 3943 624 3994 citantis
637 3944 771 3994 Ammian.
822 3949 916 4008 partes
936 3959 1066 3995 emensus
1080 3943 1183 3995 canalis
1204 3959 1257 3994 non
1276 3949 1368 4008 recta,

235 4011 356 4065 Marcell.
366 4012 462 4076 XII,8.
473 4015 497 4074 ξ.
509 4013 525 4060 2
539 4012 771 4064 casalinum.
822 4013 868 4062 aed
888 4013 997 4077 paulum
1021 4013 1129 4080 obhque
1153 4013 1227 4065 ducti
1245 4015 1370 4080 vestigia

235 4081 318 4146 XIII,
337 4081 371 4132 20
392 4086 419 4132 at
439 4085 676 4132 commonstrantis
701 4082 771 4132 hauc
820 4097 869 4146 per
888 4088 974 4133 totum
989 4084 1045 4134 lere
1060 4083 1188 4136 isthmum
1202 4091 1369 4150 persecutus

192 4181 194 4184 <
234 4151 416 4201 narrationem
433 4152 467 4202 de
484 4151 559 4202 lossa
574 4152 674 4202 Xerxis
696 4153 771 4203 iussu
822 4157 876 4202 est:
894 4153 982 4217 ipsam
994 4159 1094 4205 terram
1106 4155 1187 4206 talem
1200 4169 1273 4218 ease,
1291 4169 1368 4219 quae

233 4233 281 4282 per
305 4221 404 4270 montis
421 4225 538 4272 tractum
560 4221 643 4272 ducta
662 4223 770 4272 minima
821 4221 902 4272 facile
919 4224 1026 4288 periodi
1045 4227 1142 4290 queat:
1173 4223 1241 4274 adeo
1263 4228 1294 4272 nt
1314 4224 1367 4276 lru-

233 4288 346 4352 fabulis,
361 4289 513 4356 etquidem
527 4290 651 4350 volnere.
667 4291 771 4342 adscri—
820 4291 863 4342 ius
883 4292 987 4343 canulis
1001 4309 1070 4358 opus
1087 4293 1133 4354 uix
1146 4307 1206 4344 cnm
1226 4291 1367 4350 slmilibua

232 4356 346 4408 tendam
362 4373 437 4421 ease,
461 4362 485 4411 si
498 4361 604 4429 quidem
618 4362 677 4413 eins
689 4373 769 4412 cana·
820 4362 961 4426 operibus,
980 4362 1074 4429 qualia
1087 4367 1182 4414 nostra
1193 4368 1270 4415 aetas
1281 4377 1366 4430 prae·
