2986 5014
473 416 540 478 AD
563 415 816 479 HERODOT.
840 418 883 490 V,
906 426 949 482 66.
1212 415 1274 478 805

138 595 245 643 stantes
259 591 425 660 (τελοῦντες)
437 589 472 644 iis
490 589 629 644 nobilibus
644 590 705 643 sive
721 590 896 662 optimatibus
915 591 977 664 (qui
1002 597 1059 644 tum
1075 597 1157 644 erunt
1170 583 1272 662 Ὅπλη-

136 679 202 745 τες),
221 693 337 747 quorum
351 678 379 729 in
401 677 477 746 agris
495 693 565 746 opus
581 675 695 730 iaciunt.

222 761 366 830 Equidem,
381 763 422 814 uti
436 761 599 832 supradixi,
614 755 680 822 τούς
697 759 853 832 Γελέοντας,
867 761 915 832 qui
930 753 1040 831 primam
1054 762 1082 814 in
1096 761 1207 814 civitate
1223 761 1270 816 At-

136 847 189 898 tica
205 845 304 898 tribum
320 847 535 914 coristitnerunt,
555 846 646 898 nultos
663 845 732 900 aiios
749 847 842 900 heberi
859 865 943 917 posse
958 847 1083 900 existimo
1099 847 1152 899 nisi
1173 849 1272 902 nobiles

135 938 218 1002 atque
234 933 381 1002 optimates,
401 931 448 1004 qui
465 932 538 1002 quod
557 931 671 1001 primurn
685 933 713 984 in
730 932 841 984 civitate
858 931 945 984 iocum
963 931 1098 1000 obtinent,
1113 933 1270 1002 praecipuis

134 1033 244 1088 quoque
261 1016 410 1069 honoribus
427 1025 511 1086 atque
526 1017 634 1069 iuribus
656 1017 788 1070 fruuntur
803 1017 938 1086 iidemque
960 1023 1027 1069 sunt
1048 1016 1198 1086 locupletes
1214 1035 1268 1070 am·
1294 1045 1299 1054 ·

133 1100 250 1171 piosque
276 1101 377 1154 fundos
404 1101 564 1171 possident,
589 1101 639 1172 qui
660 1102 866 1170 magistratibus
886 1119 952 1171 prae
974 1102 1091 1155 caeteris
1113 1103 1269 1170 iunguntur

132 1185 328 1258 plurimamque
357 1187 397 1239 rei
424 1185 548 1255 publicas
571 1185 802 1240 administrandae
825 1193 929 1256 partam
952 1187 1062 1240 habent.
1106 1187 1166 1240 Nec
1187 1187 1266 1256 quid-

132 1261 213 1342 qtiam
225 1288 292 1323 sarrs
311 1271 430 1340 impedit,
447 1272 593 1342 quominus
604 1272 632 1338 ii,
649 1271 697 1344 qui
712 1271 771 1324 oiim
796 1279 848 1323 tam
864 1271 999 1340 insignem
1015 1272 1166 1325 incivitate
1181 1272 1266 1326 iocum
1289 1283 1291 1286 '

132 1355 314 1408 obtinuerunt
340 1356 392 1408 viri
406 1355 595 1422 illustrissima
611 1356 692 1408 iidem
709 1374 820 1428 quoque
835 1357 1008 1426 praecipuam
1023 1357 1157 1426 quandam
1173 1374 1265 1408 sacro-

132 1457 191 1492 rum
209 1457 299 1493 curam
313 1441 474 1508 habuerint,
499 1441 625 1511 ipsisque
640 1441 802 1494 sacerdotiis
818 1441 954 1512 primariis
974 1442 1062 1494 iuncti
1085 1442 1155 1494 sint:
1177 1459 1265 1511 eoque

132 1525 233 1591 refero,
249 1525 322 1594 quod
339 1541 355 1576 a
372 1523 511 1578 nonnuliis
527 1532 674 1595 progente
691 1525 894 1592 sacerdotali*)
911 1526 994 1578 habiti
1010 1532 1085 1594 sunt,
1102 1543 1173 1597 quae
1186 1543 1265 1578 sacra

133 1607 194 1662 oiim
209 1609 408 1662 administrarit
422 1610 591 1682 primumque
607 1610 671 1664 inde
686 1612 773 1664 locutu
789 1611 816 1664 in
834 1611 944 1664 civitate
961 1597 1092 1664 tenuerit.

202 1806 229 1872 ⁴¹)
245 1807 284 1858 Oi.
300 1807 490 1860 Wuehsmuth:
511 1808 616 1863 Hellen.
632 1769 828 1862 Altertiiumsk.
845 1811 867 1861 1.
882 1825 908 1876 p.
921 1809 980 1862 354.
993 1810 1053 1863 356.
1072 1810 1139 1861 Inde
1151 1811 1263 1861 Kortiirn

131 1875 149 1926 i.
173 1876 190 1930 l.
215 1871 367 1936 Γελέοντας
385 1878 490 1928 reddit:
512 1867 870 1944 l’riesterodei,“0niqrue:
898 1881 1075 1946 Woffenadei,·
1094 1881 1187 1931 Haase
1207 1881 1224 1934 1.
1247 1881 1263 1930 Ι,

131 1963 158 2012 p.
173 1948 214 2000 79.
233 1948 363 1999 substitui
375 1948 447 1999 vuit:
462 1949 514 1999 den
525 1949 679 2015 idreipticden
693 1949 749 2000 und
761 1951 812 2001 deu
827 1951 983 2002 ritteriicden
998 1952 1075 2005 Adel.
