2994 4972
201 324 241 384 76
630 319 895 382 HERODOTI

200 496 361 584 ἐχόμενοι,
377 489 420 574 ὥς
435 490 499 581 ἐγὼ
513 491 639 581 φράσω.
658 489 778 563 Ἰτόνων
791 492 853 582 μὲν
866 497 972 562 τοῖνδε
985 493 1181 579 ολδεΛυδολ,
1196 495 1323 563 οίκέον-
1334 505 1393 560 395

200 605 252 680 τίς
272 626 308 668 τε
329 596 440 686 χώρην
461 595 594 686 ἀγαθήν
608 600 663 667 καὶ
678 596 990 686 πολυαργυρώτατοι
1005 595 1123 677 ἐόντες.
1144 595 1278 678 δεικνὺς
1294 600 1333 670 δὲ

200 712 293 791 ἔλεγε
306 707 410 770 ταῦτα
425 704 457 780 ἐς
471 707 527 790 τῆς
540 706 600 789 γῆς
614 700 674 790 τήν
688 707 862 788 περίοδον,
879 699 940 788 τὴν
954 703 1089 789 ἐφέρετο
1104 705 1141 772 ἐν
1154 706 1201 794 τῷ
1214 711 1332 773 πίνακι

201 808 452 894 ἐντετμημένην.
492 810 617 874 Λυδῶν
643 806 695 890 δὲ,
723 814 786 893 ἔφη
813 809 920 892 λέγων
945 800 963 872 ό
987 801 1236 895 Ἀρισταγόρης,
1257 811 1331 877 οἵδε

202 915 331 996 ἔχονται
352 906 482 996 Φρύγες
502 914 537 978 ol
552 907 634 994 πρός
653 906 714 996 τήν
735 905 798 997 ήιδ,
819 907 1159 996 πολυπροβατώτατοί
1169 937 1204 978 τε
1219 909 1331 992 ἐόντες

201 1008 358 1082 ἁπάντων
377 1016 445 1080 τεόν
466 1009 530 1102 ἐγώ
545 1012 619 1082 οἶδα
634 1015 689 1082 καὶ
704 1010 998 1099 πολυκαρπότατοι.
1023 1017 1169 1101 Φρυγῶν
1185 1013 1221 1083 δὲ
1236 1022 1328 1102 ἔχον-

199 1144 253 1184 ται
274 1114 516 1202 Καππαδόκαι,
546 1115 623 1195 τούς
644 1112 735 1204 ἡμεῖς
756 1123 904 1202 Συρίους
924 1118 1101 1205 καλέομεν,
1123 1116 1267 1187 τούτοισι
1291 1119 1328 1189 δὲ

199 1218 379 1308 πρόσουροι
399 1227 550 1305 Κίλικες,
571 1219 768 1306 κατήκοντες
790 1220 843 1288 ἐπὶ
857 1218 1032 1288 θάλασσαν
1046 1219 1164 1308 τήνδε,
1181 1225 1217 1290 ἐν
1230 1212 1254 1310 ᾗ
1267 1218 1328 1310 ήδε

198 1321 335 1410 Κύπρος
356 1327 454 1410 νῆσος
477 1325 603 1409 κέεται,
623 1331 657 1391 οἳ
668 1320 867 1391 πεντακόσια
880 1320 1024 1392 τάλαντα
1038 1328 1170 1411 βασιλίζί
1180 1323 1237 1392 τὸν
1252 1328 1326 1394 ἐπέ-

197 1453 287 1494 τειον
308 1425 415 1512 φόρον
437 1429 630 1493 ἐπιτελεῦσι.
660 1432 809 1494 Κιλίκων
830 1425 867 1494 δὲ
886 1430 992 1495 τοῖνδε
1013 1435 1143 1514 ἔχονται
1163 1423 1326 1516 Ἀρμίνιοι

196 1533 284 1612 οἵδε,
307 1530 362 1596 καὶ
382 1519 472 1596 οὗτοι
489 1527 597 1607 ἐόντες
611 1528 872 1616 πολυπρόβατοι·
898 1526 1078 1618 Ἀρμενίων
1093 1530 1130 1600 δὲ
1144 1535 1323 1620 Ματιηνοὶ,

195 1629 307 1718 χιόρην
327 1630 426 1716 τήνδε
448 1637 586 1716 ἔχοντες.
616 1639 723 1718 ἔχεται
746 1633 782 1701 δὲ
802 1630 930 1700 τούτων
947 1637 989 1720 γή
1002 1631 1061 1722 ήδε
1077 1641 1206 1721 Κισσίη.
1233 1639 1269 1703 ἐν
1283 1641 1325 1724 τῇ

197 1740 216 1803 δ
220 1762 237 1822 η
251 1731 340 1823 παρὰ
354 1730 501 1820 ποταμόν
515 1731 612 1802 τόνδε
627 1735 785 1824 Χοάσπην
799 1735 933 1823 κείμευό
948 1740 1015 1805 ἐστι
1030 1734 1069 1804 τὰ
1078 1741 1194 1806 Σοῦσα
1208 1743 1322 1826 ταῦτα,

189 1944 331 2005 potiemini,
348 1946 423 1992 reete
444 1941 628 1992 vertitanln.
657 1945 734 2006 Quod
784 1959 843 2004 uve.
857 1941 917 2003 6114,
930 1942 975 1992 ubi
987 1945 1015 1992 et
1026 1941 1081 1995 h.l.
1095 1946 1122 1993 et
1134 1941 1248 1994 alterum
1259 1945 1322 2008 Vll,

193 2012 306 2061 Reiskio
318 2013 394 2061 venit
407 2015 435 2061 in
450 2017 575 2072 mentem,
586 2010 672 2074 θυμῷ
684 2010 731 2077 βα-
784 2014 817 2065 73
831 2012 910 2062 simul
926 2015 1054 2076 renpexit.
1078 2013 1121 2062 Tu
1133 2014 1189 2064 vid.
1204 2019 1273 2065 nou.
1287 2017 1322 2066 ed

192 2072 316 2142 λόμενοι,
342 2081 507 2146 signiticaret
528 2085 608 2132 animo
622 2085 733 2133 consido·
782 2083 883 2140 ΙΙΙ,93.
898 2081 964 2131 Ᾱδδ.
974 2083 1074 2132 Ritter:
1088 2082 1278 2135 Erdkundell.
1294 2101 1320 2148 p.

191 2158 286 2200 νοοῖτο.
310 2149 363 2200 llic
377 2153 495 2201 narratis
506 2153 632 2216 congruit
647 2149 733 2216 θυμῷ
782 2152 842 2213 780,
858 2151 903 2217 qui
916 2158 989 2202 reete
1002 2157 1101 2212 monet,
1114 2153 1255 2203 Armenios
1267 2153 1322 2204 He·

192 2212 731 2286 βουλόιιενοι,εαρίδεοολτολτετεΙοαίοιο-
781 2221 905 2271 nodotum
927 2237 981 2270 non
1002 2223 1055 2272 nisi
1073 2228 1197 2285 pastores
1219 2239 1319 2288 eogno-

189 2305 218 2342 ετ
231 2291 419 2350 desiderantes,
435 2280 647 2354 ἐπιθυμητικῶς
660 2285 732 2352 πρός
781 2291 867 2351 τίετο,
881 2307 947 2356 quoe
961 2291 1110 2354 Xenophon
1122 2293 1150 2342 in
1163 2293 1232 2344 vicie
1245 2293 1321 2344 hubi-

190 2357 277 2408 ταῦτα
284 2356 465 2420 διακείμενοι.
480 2360 552 2410 Idem
561 2359 672 2410 fuisset:
686 2351 729 2421 nol,
780 2363 871 2411 tentos
884 2366 911 2411 et
925 2359 997 2410 alind
1014 2363 1088 2410 vitae
1098 2377 1184 2426 genus
1199 2369 1320 2414 tructan-

189 2415 730 2493 είτοῖνδεόοῐνδνήνθυμὸς,αότο1ἆ’ν
780 2434 822 2480 tes
835 2432 949 2480 invenit.
978 2431 1030 2493 Qui
1045 2431 1124 2480 iidem
1139 2427 1318 2498 πολυπρόβα-

189 2491 306 2562 ἔχοιτε.“
320 2499 349 2548 V
351 2499 474 2550 alelen.
489 2498 669 2558 Tueonl.lll‚
679 2497 728 2548 123
778 2512 821 2547 τοι
837 2500 977 2558 dicuntum
1002 2499 1073 2564 quod
1091 2501 1114 2550 εἰ
1130 2502 1189 2566 quie
1209 2503 1243 2553 εδ
1261 2520 1318 2555 om·

188 2568 248 2617 init.
264 2572 290 2616 et
307 2568 335 2616 in
354 2583 428 2631 seqq.
445 2568 479 2616 etl
493 2583 585 2616 vooem
607 2566 729 2630 πολυαρ-
779 2583 837 2618 nem
848 2571 1271 2636 rempennaninmeoeingilletim
1283 2573 1318 2623 ud

186 2627 342 2699 γυροότατοι
357 2637 391 2682 cf.
406 2641 473 2684 nott.
490 2637 524 2684 nd
538 2637 590 2696 111,
605 2636 648 2687 uu.
664 2637 727 2686 Mox
779 2651 876 2698 equos,
902 2640 999 2702 quibus
1023 2642 1138 2705 egregiis
1162 2643 1235 2692 omni
1261 2642 1317 2694 sere

187 2704 265 2763 dedi,
281 2704 355 2752 libris
370 2703 540 2752 iubentibus:
565 2696 592 2761 ἐς
605 2703 656 2768 τῆς
673 2703 726 2768 γῆς
778 2709 898 2769 tempore
914 2707 1066 2759 abundavit
1083 2712 1224 2769 Armenia.
1247 2716 1317 2763 teste

184 2767 239 2827 τὴν
256 2767 407 2831 περίοδον,
429 2787 489 2820 oum
506 2772 588 2837 vulgo
610 2780 682 2822 επιστ
700 2765 726 2829 ἐς
778 2775 871 2824 eodem
886 2777 992 2828 Rittero
1006 2778 1023 2829 l.
1038 2778 1054 2829 l.
1070 2781 1107 2830 ll.
1125 2795 1188 2845 png.
1204 2782 1263 2844 7511,
1277 2797 1316 2833 τοι

185 2833 239 2901 τὴν
252 2836 301 2900 τῆς
317 2833 367 2900 γῆς
380 2835 523 2900 περίοδον.
544 2869 576 2877 -
596 2843 637 2890 Ad
651 2842 726 2891 loon·
776 2843 840 2894 ferri
856 2845 935 2906 velit,
954 2863 1049 2898 vereor
1066 2854 1097 2900 ut
1111 2851 1242 2900 assentiri
1255 2867 1317 2914 poe-

185 2908 286 2956 tionem
299 2899 353 2968 ἔφη
366 2901 452 2969 λέγων
465 2907 499 2957 oi.
516 2909 552 2969 V,
570 2911 608 2960 18.
623 2911 721 2963 31150.
776 2913 835 2974 εἰσι,
850 2929 911 2964 eum
919 2917 1075 2970 Herodotus
1086 2923 1190 2970 tentum
1205 2921 1238 2970 de
1248 2935 1316 2979 προ-

220 2967 510 3038 πολυπροβατιότατοί
527 2992 555 3025 τε
580 2971 673 3035 ἐόντες
689 3006 723 3018 -
775 2977 867 3048 βάτων
881 3001 995 3046 genere,
1013 3004 1066 3053 quo
1083 3007 1165 3054 equos
1184 3005 1251 3040 enne
1267 2992 1315 3042 vix

183 3041 230 3094 καλ
246 3038 505 3112 πολυκαρπότατοι]
527 3047 544 3097 i.
564 3063 587 3097 e.
608 3051 651 3112 ηαί
663 3053 722 3100 nant-
775 3053 964 3117 oomprehendi
978 3060 1228 3122 noeneexietimem‚
1242 3062 1314 3126 cogi-

182 3123 220 3164 τοι
233 3117 303 3164 olunt
309 3129 402 3178 greges
412 3118 547 3182 multosque
556 3121 657 3183 capiunt
665 3121 722 3180 frn-
773 3127 848 3174 laese
867 3124 1000 3177 videntur.
1036 3127 1077 3176 De
1097 3130 1219 3180 Matienie
1241 3131 1314 3181 dixi-

181 3192 245 3245 αλια,
261 3183 391 3233 ditissimi
403 3185 484 3250 igitur
499 3187 583 3238 multo
598 3194 653 3240 tum
663 3207 722 3256 gre·
773 3209 832 3244 mus
847 3194 880 3242 erl
895 3195 917 3257 Ι,
932 3197 978 3257 72,
993 3196 1025 3247 de
1040 3197 1125 3246 sienim
1138 3199 1188 3259 ΙΙΙ,
1203 3201 1233 3250 91
1249 3201 1312 3252 coll.

180 3269 243 3319 gnm
258 3259 313 3302 tum
329 3269 453 3320 ngrorum
475 3263 615 3320 proventu.
642 3263 721 3323 Quod

180 3323 214 3372 ud
229 3339 340 3388 gregum
359 3325 465 3388 eonium
480 3328 588 3393 attinet,
603 3331 721 3382 conferri

178 3407 250 3442 nuno
263 3393 573 3455 poteritTohlhntoheff:
582 3398 646 3450 Asie
656 3402 720 3452 min.

178 3462 215 3511 Il.
233 3478 294 3526 pag.
307 3463 365 3512 741.
391 3464 432 3515 De
444 3467 633 3530 Cappadocibus
647 3471 718 3520 conf.

177 3531 241 3588 VII,
256 3534 288 3581 72
301 3536 328 3582 et
341 3537 409 3582 nott.
424 3537 458 3584 ecl
472 3536 494 3599 Ι,
512 3538 598 3587 72-
610 3541 642 3588 In
657 3556 718 3601 nno-

177 3600 249 3650 xime
269 3617 345 3666 eeqq.
369 3593 518 3654 θόλασοαν
542 3599 627 3668 τήνδε
648 3609 718 3658 dixit

177 3685 249 3718 mere
264 3671 498 3735 mediterraneum,
514 3677 545 3724 ut
559 3675 617 3736 1,1.
647 3679 716 3728 And.

176 3737 288 3789 Sallust.
311 3741 431 3804 Iugurth.
456 3743 486 3792 17
511 3744 602 3808 ibique
620 3746 717 3797 Cleusii

175 3813 245 3858 nott.
258 3811 285 3858 in
297 3810 471 3874 interpretat.
484 3813 609 3864 Sallustii
622 3831 717 3867 vernn-

98 3893 106 3906 ·
175 3879 250 3941 cula,
263 3894 333 3948 quiue
348 3881 450 3946 prodiit
460 3882 624 3948 Stuttgnrdt.
640 3886 715 3937 1855.

230 3989 234 3996 .
254 3949 309 4000 107.

173 3964 237 4067 palli
251 4007 421 4069 πεντακόσια
439 4011 561 4068 τοίλαντα
575 4049 607 4058 -
626 4013 714 4071 ἐπιτε-

171 4084 264 4150 λεῦσι]
297 4085 468 4140 Conveniunt
494 4089 562 4140 haee
584 4107 643 4142 oum
669 4094 712 4154 iis,

172 4156 380 4274 queegleguntm·
390 4160 597 4280 eupfrulfflhgst
614 4161 656 4212 Ad
667 4178 713 4213 vo·

171 4237 628 4363 oegossgvrtgnlgvgffiiephgn.fin
645 4317 667 4354 n.
684 4316 711 4351 v.

167 4351 294 4424 Ἀρμενία
309 4377 336 4426 p.
353 4364 402 4416 169
416 4371 443 4416 et
457 4368 582 4418 Eustuth.
600 4369 628 4419 in
643 4371 711 4422 Dio-

772 3264 842 3320 vll,
857 3264 897 3313 61.
929 3267 1005 3327 anee
1025 3281 1086 3315 mox
1103 3273 1195 3317 noster
1212 3269 1310 3320 hebet:

772 3333 808 3395 γῆ
821 3326 871 3396 ἥδε
885 3333 996 3399 Κισσίη,
1011 3335 1038 3384 iu
1050 3335 1085 3386 iie
1102 3353 1247 3400 pronomen
1265 3339 1311 3389 tle·

772 3403 977 3452 monstrativum
998 3405 1038 3454 itu
1057 3407 1179 3469 ponitur,
1198 3413 1228 3458 ut
1244 3411 1310 3458 urti-

771 3470 846 3520 eulns
860 3487 912 3520 non
926 3475 1088 3524 adiicietur:
1103 3475 1136 3525 de
1151 3491 1202 3539 quo
1216 3494 1308 3528 monu-

769 3539 824 3589 ieee
842 3541 921 3589 vineo
937 3545 1064 3609 Krueger.
1086 3545 1121 3594 nd
1136 3547 1308 3610 Xenophont.

767 3609 855 3663 Anab.
872 3610 964 3670 V11‚2
990 3617 1014 3676 ς.
1027 3613 1061 3664 211
1076 3613 1133 3672 (ubi
1145 3631 1176 3663 ex
1188 3615 1213 3668 h.
1228 3616 1245 3665 l.
1260 3619 1309 3667 mi·

766 3693 815 3728 nne
828 3687 957 3732 accurate
970 3684 1040 3732 citat
1055 3672 1106 3746 ήδε
1122 3677 1238 3744 Κόπρος
1258 3703 1306 3750 pro

765 3736 818 3810 ἥδε
833 3747 957 3814 Κισσίη),
974 3753 1047 3801 etad
1062 3754 1085 3813 1,
1102 3755 1127 3802 2.
1141 3757 1166 3814 §-
1179 3756 1220 3804 20.
1238 3756 1305 3807 Add.

765 3816 844 3868 Held.
861 3817 895 3866 ud
907 3820 1046 3872 Plutarch.
1062 3823 1155 3873 Aemil.
1169 3823 1247 3875 Paul.
1261 3828 1304 3876 22.

765 3902 791 3950 p.
804 3887 855 3938 228
869 3904 924 3954 seq.
939 3918 971 3926 —
984 3892 1037 3940 Pno
1051 3887 1186 3941 Xonone'oe
1199 3911 1213 3945 e
1225 3895 1303 3946 codd.

765 3955 900 4021 plerisque
924 3960 1033 4010 restitui
1053 3955 1209 4026 Χοάσπην,
1233 3966 1305 4028 quod

764 4025 833 4074 idem
844 4026 875 4086 V,
886 4028 919 4076 52
932 4043 1023 4080 omues
1035 4035 1165 4093 qnnnntum
1177 4033 1233 4083 seio
1242 4034 1304 4084 libri

763 4094 909 4155 praebent:
923 4099 978 4148 vid.
990 4101 1069 4150 modo
1080 4101 1196 4152 Bretlov.
1205 4118 1231 4164 ρ.
1242 4103 1302 4154 229.

764 4164 805 4215 De
819 4165 879 4228 ipso
892 4166 974 4218 fluvio
988 4169 1104 4220 diximus
1118 4171 1152 4220 nd
1165 4172 1188 4234 1,
1205 4172 1261 4223 188.

797 4230 831 4282 τὰ
847 4231 945 4284 Σοῦσα
965 4238 1069 4304 ταῦτα]
1098 4241 1171 4292 Setis
1194 4247 1303 4293 oonetut

762 4302 839 4354 Susis
856 4310 962 4369 purtem
979 4311 1042 4359 unni
1061 4312 1223 4360 commoneri
1240 4313 1302 4364 eoli-

764 4375 807 4424 tos
823 4373 908 4426 luisse
920 4377 1063 4430 Persarum
1077 4395 1168 4446 reges:
1195 4381 1228 4431 de
1248 4397 1301 4448 quo
