2994 4972
223 383 262 444 68
654 377 916 440 HERODOTI

221 563 423 644 Συβαρῐται,
431 555 534 641 σφέας
549 581 583 622 τε
598 549 720 634 αὐτοὺς
735 556 789 623 καὶ
801 557 912 642 Τηλυν
925 549 984 620 τὸν
998 553 1132 620 ἑωυτῶν
1146 554 1286 640 βασιλέα
1302 554 1358 622 έπλ

222 659 384 748 Κρότωνα
398 662 531 747 μέλλειν
545 657 802 744 στρατεύεσθαι,
826 656 902 736 τοὺς
918 655 953 725 δέ
972 655 1206 744 Κροτωνιήτας
1221 662 1355 744 περιδε-

223 767 278 843 έας
292 767 491 851 γινομένους
509 766 673 850 δεηθῆναι
687 766 836 848 Δωριέος
850 767 945 846 σφίσι
959 763 1153 848 τιμωρῆσαι,
1169 761 1225 827 καλ
1239 777 1357 847 τυχεῖν

223 870 420 954 δεηθέντας·
434 863 721 954 συστρατεύεσθαί
732 891 766 932 τε
780 861 821 952 δὴ
830 865 883 931 sbti
891 861 1045 950 Σύβαριν
1055 865 1188 948 Δωριέα
1202 865 1258 930 καλ
1272 884 1354 931 συν-

222 977 311 1038 ελεῖν
331 967 393 1056 τὴν
413 967 577 1057 Σύβαριν.
612 972 715 1036 ταῦτα
729 969 791 1055 μέν
811 993 876 1034 νυν
890 973 1080 1053 Συβαρῖται
1100 969 1235 1053 λέγουσι
1257 971 1353 1054 ποιῆ-

221 1096 277 1141 σαι
291 1075 425 1162 Δωριέα
445 1099 481 1140 τε
503 1073 558 1141 καλ
578 1069 655 1150 τούς
674 1066 747 1160 μετ’
770 1065 881 1138 αὐτοῦ.
916 1073 1146 1158 Κροτωνιῆται
1171 1068 1208 1137 δλ
1229 1066 1355 1139 οὐδένα

221 1184 315 1264 σφίσι
330 1178 412 1263 psol
426 1179 537 1258 ξεῖνον
555 1176 861 1264 προσεπιλαβέσθαι
875 1177 934 1240 τοῦ
954 1171 1036 1260 πρὸς
1049 1179 1240 1261 Συβαρίτας
1253 1176 1347 1242 πολέ-

219 1306 302 1370 μου,
319 1278 404 1368 εἰμὴ
417 1286 568 1367 Καλλίην
581 1283 649 1346 τῶν
667 1273 836 1366 Ἰαμιδέων
850 1275 970 1365 μάντιν
983 1273 1112 1346 Ἠλεῖον
1125 1281 1271 1364 μοῦνον,
1286 1279 1408 1356 uolans

220 1446 343 1494 iudicata
358 1446 409 1506 sit,
431 1443 523 1508 utqui
541 1441 759 1508 contraSybari-
810 1441 939 1493 revocavi
962 1439 1064 1504 σφίσι
1083 1439 1253 1507 τιμωρῆσαι,
1278 1445 1352 1509 qnod

219 1519 263 1563 tas
286 1514 415 1563 iudicium
443 1515 513 1563 serre
539 1513 672 1572 noluerit,
698 1527 758 1562 cum
809 1512 929 1577 praefert
942 1511 1085 1574 Matthiae,
1098 1528 1177 1577 quern
1190 1511 1263 1562 coni.
1278 1515 1312 1562 ad
1326 1515 1350 1578 1,

218 1582 292 1630 iamt
307 1583 347 1632 illi
360 1588 464 1632 tentum
477 1583 651 1638 eniterentur,
663 1582 758 1632 Croto·
808 1583 851 1631 51.
875 1584 896 1631 H
910 1581 1049 1631 Sancrofti
1062 1581 1130 1632 libro
1142 1595 1192 1634 οιυι
1206 1591 1350 1648 receperat

218 1653 312 1700 niatae
325 1659 424 1712 autem,
435 1651 644 1701 utDahlmanno
657 1652 758 1715 placet,
809 1649 947 1704 (laisiord.

218 1720 348 1770 historico
365 1727 533 1785 argumento,
550 1722 620 1786 quod
633 1722 691 1785 ipse
704 1722 758 1772 He·
844 1712 949 1768 οὐδένα
962 1717 1042 1782 σφίσι
1056 1715 1127 1782 maol
1138 1716 1233 1780 ξεῖνον
1246 1734 1349 1784 προσε-

217 1790 330 1840 rodotus
342 1805 491 1854 agnoscere
505 1790 640 1840 videatur.
665 1791 757 1853 Ipsam
807 1785 1036 1854 πιλαβέοθαιτυῦ
1047 1781 1117 1850 πρὸς
1125 1787 1285 1856 Συβαρίτας
1296 1805 1349 1840 πο-

218 1860 342 1924 Sybarim
367 1861 521 1924 sccepimus
546 1875 563 1908 a
587 1860 756 1909 crotoniatis
806 1855 902 1924 λέμου]
919 1859 936 1911 1.
946 1875 968 1910 e.
984 1861 1098 1908 neminem
1109 1863 1266 1923 pereprinum
1279 1864 1349 1923 ipsos

218 1929 336 1979 dirutam
351 1928 433 1979 luisse
448 1945 518 1978 anno
535 1928 587 1979 510
601 1945 625 1980 s.
645 1928 708 1978 Chr.
728 1944 753 1978 n.
805 1927 887 1978 hocin
903 1927 966 1978 bello
982 1927 1114 1978 adiuvisse.
1138 1929 1254 1979 Verbum
1267 1943 1347 1978 ουνε-

219 1996 282 2062 (vel,
294 1998 467 2049 uthrehero
481 1999 581 2064 placet,
596 1999 646 2049 507
658 2014 682 2047 a.
693 1997 755 2048 Chr.
807 1993 1034 2062 πιλαμβοὶνεσθαι
1054 1997 1147 2048 eodem
1167 2001 1224 2048 lere
1243 2001 1347 2065 signiti-

217 2065 275 2131 n.),
292 2068 389 2118 incolis
403 2069 481 2118 modo
495 2068 660 2130 interiectis,
677 2068 756 2118 modo
806 2071 870 2117 catu
883 2070 915 2131 V,
926 2069 968 2118 45.
984 2067 1035 2130 111,
1047 2066 1081 2116 48
1095 2069 1155 2116 init.
1176 2069 1217 2119 De
1232 2069 1347 2128 Iamr'du,

215 2137 328 2202 peralia
343 2138 756 2202 magnaeGraeciseoppidadi-
807 2137 903 2202 quihus
928 2135 1097 2186 oraculorum
1124 2153 1190 2187 cura
1215 2140 1249 2188 sd
1269 2140 1345 2189 lovis

217 2209 319 2272 sporcio
331 2207 397 2268 (vid.
408 2207 438 2256 C.
448 2207 478 2257 F.
489 2208 627 2258 Hermann
637 2225 643 2256 ι
655 2206 754 2257 Lehrb.
806 2205 942 2270 Olympici
962 2221 1036 2256 eram
1058 2206 1111 2255 fuit
1129 2211 1288 2272 commisse,
1308 2208 1345 2258 ab

215 2276 240 2326 d.
259 2276 360 2340 gricch.
378 2277 581 2328 Staatsalterth.
598 2277 622 2340 ᾗ.
641 2276 683 2331 80.
698 2282 754 2327 not.
806 2275 1032 2340 Iamohpollinis‚
1046 2277 1277 2342 atterebant,lilio
1288 2280 1345 2328 ori-

216 2344 270 2410 18),
291 2346 377 2395 donec
391 2361 462 2396 anno
476 2349 527 2398 444
543 2363 575 2397 er
593 2345 706 2396 Athenis
722 2361 754 2396 eo
806 2346 899 2406 undis,
912 2347 980 2394 satis
993 2344 1077 2394 multa
1089 2347 1223 2398 Pindarus
1234 2347 1343 2412 Olymp.

213 2414 330 2465 deducta
342 2420 384 2465 est
402 2415 522 2478 colonia,
545 2431 613 2482 quae
626 2432 678 2466 non
693 2431 754 2480 pro·
804 2415 858 2478 Vl,
874 2414 920 2464 uhi
932 2414 1035 2464 co'nsul.
1048 2415 1224 2480 interpretes,
1238 2419 1343 2482 praeci-

212 2483 256 2534 cul
270 2501 286 2534 s
301 2491 393 2536 vetere
409 2486 474 2537 urbe
489 2502 590 2537 novam
609 2487 753 2536 Thur-iorum
804 2498 857 2547 pue
869 2483 986 2532 Boeclrh.
1002 2484 1080 2548 Erpl.
1098 2486 1177 2535 Pind.
1193 2503 1219 2550 p.
1235 2488 1283 2537 152
1299 2503 1341 2552 sq.

211 2554 449 2606 condiditurbem.
467 2557 509 2606 Tu
517 2557 572 2608 vid.
584 2556 753 2618 potissimum
803 2553 1179 2619 etEclrermanmhlelampus
1187 2571 1213 2620 p.
1223 2555 1271 2607 123
1280 2573 1341 2622 sqq.

209 2624 323 2674 Diotlor.
340 2625 408 2684 x11,
423 2625 447 2674 9.
465 2625 504 2674 10.
529 2624 612 2672 Plura
627 2623 705 2672 dabit
722 2624 750 2676 C.
801 2620 1009 2673 Add.Herodot.
1020 2623 1110 2686 1X,33
1123 2629 1151 2674 et
1164 2624 1260 2675 Beuld:
1273 2625 1342 2676 Etu-

210 2693 242 2740 F.
260 2694 412 2742 Hermann:
431 2692 575 2742 Lehrbuch
593 2698 646 2742 etc.
667 2695 689 2754 5.
716 2691 750 2740 80
801 2689 848 2738 des
861 2705 907 2740 sur
918 2690 943 2741 le
951 2691 1136 2756 Peloponneso
1146 2695 1168 2744 1.
1182 2711 1208 2760 p.
1220 2695 1271 2746 280
1282 2711 1339 2761 seq.

210 2765 266 2808 not.
281 2761 315 2810 20
327 2776 384 2823 seq.
802 2759 860 2811 280.
892 2760 1340 2828 Quicumexignispicioresiu-

245 2825 293 2873 καλ
308 2824 418 2890 Τῆλυν]
448 2827 656 2890 „Tyrannidem
671 2842 750 2878 occu·
800 2833 876 2879 tures
888 2837 1032 2892 canerent,
1045 2833 1129 2881 rerba
1142 2849 1216 2899 seqq.
1234 2828 1297 2883 έπεί
1311 2828 1342 2883 τέ

209 2901 333 2958 paverat,
346 2897 439 2945 elidem
451 2897 526 2959 prius
538 2896 674 2958 deiectus,
689 2913 749 2946 cum
801 2889 831 2946 ol
842 2890 876 2946 τοὶ
893 2891 941 2962 1ρά
953 2895 987 2949 οὐ
1000 2893 1158 2965 προεχώρεε
1170 2895 1276 2966 χρηστοὶ
1286 2905 1340 2951 θυ-

209 2961 353 3027 Sybaritss
372 2965 443 3014 inter
460 2970 488 3013 et
500 2965 676 3016 Crotoniatas
695 2965 750 3016 bel·
800 2959 892 3034 ομένςο
915 2967 948 3034 (i.
974 2985 996 3020 e.
1018 2985 1070 3020 cum
1087 2975 1242 3034 sacrificanti
1260 2989 1339 3024 encra

207 3031 261 3081 lum
274 3033 472 3095 exardesceret,
479 3035 507 3083 ni
513 3034 671 3086 Heraclides
678 3035 748 3086 Pon·
798 3051 845 3086 που
855 3039 966 3100 feliciter
976 3038 1108 3104 cederent)
1127 3041 1160 3092 de
1173 3042 1223 3091 toli
1238 3045 1339 3093 vatici-

206 3103 285 3163 ticus,
300 3103 370 3166 quod
385 3103 517 3166 arbitror,
531 3104 611 3154 fallet
625 3107 653 3154 in
667 3105 748 3156 Athe·
798 3107 882 3156 nandi
894 3123 999 3173 genere,
1007 3110 1077 3175 quod
1091 3127 1137 3173 per
1148 3111 1235 3175 ignem
1245 3111 1337 3174 tiebat,

206 3185 266 3220 rme.
287 3173 360 3237 Xll,
379 3175 420 3224 ²1.
440 3187 502 3238 pag.
525 3175 573 3225 521
588 3175 620 3227 Ε.
652 3175 747 3226 Potior
797 3175 1337 3244 intelligirultWesseling.Quaminrem

206 3241 352 3303 Herodoti,
365 3242 405 3291 illi
416 3244 548 3306 propioris
562 3245 686 3309 tempori,
699 3260 746 3295 au·
797 3246 851 3296 vid.
868 3247 950 3297 allata
963 3263 980 3297 a
991 3247 1018 3298 0.
1030 3249 1062 3299 F.
1074 3250 1244 3300 Hermanno:
1270 3251 1337 3300 Got-

205 3309 331 3374 ctorites,
349 3314 393 3362 cui
409 3311 545 3363 Diodorus
557 3313 624 3377 XlI,
637 3315 653 3365 9
666 3317 745 3378 paria
796 3315 947 3367 tesdienstl.
960 3317 1076 3372 Altcrth.
1091 3319 1116 3371 d.
1130 3317 1237 3371 Griech.
1251 3323 1275 3384 ξ.
1291 3321 1334 3371 38.

203 3378 282 3438 lecit,
297 3377 465 3445 δημαγωγὸν
477 3381 632 3448 adpellans,
646 3385 744 3449 quippe
795 3389 851 3433 not.
870 3385 903 3437 23
916 3385 977 3437 coll.
994 3386 1016 3449 5.
1032 3387 1075 3441 30.
1093 3394 1148 3438 not.
1166 3389 1206 3439 ll.
1235 3390 1276 3439 Ad
1294 3390 1334 3440 lo-

202 3447 304 3498 hlanda
325 3451 400 3514 vulgi
425 3452 548 3502 oratione
569 3453 603 3502 ad
630 3453 744 3504 ditiores
793 3455 930 3505 cntionem
942 3457 1047 3507 iaciunt
1062 3457 1146 3507 allata
1162 3457 1333 3509 aSchsefero

202 3517 283 3567 exilio
296 3519 465 3582 multandos,
481 3522 551 3572 unde
566 3521 629 3572 belli
640 3523 742 3587 Pytha·
793 3523 827 3573 sd
842 3524 978 3576 Lambert.
994 3527 1057 3576 Bos.
1074 3527 1115 3577 De
1136 3526 1223 3591 ellips.
1240 3545 1266 3592 p.
1281 3527 1332 3578 213

200 3601 283 3649 gorne
297 3595 388 3639 aetste
402 3593 473 3652 gesti
488 3593 580 3656 origo,
600 3594 742 3643 eoncitsn-
792 3597 820 3643 et
835 3608 851 3641 s
866 3595 1018 3645 Dictschio:
1034 3597 1153 3646 Versucb
1165 3597 1209 3646 lib.
1224 3597 1332 3662 Thucy-

202 3661 264 3706 tem.
293 3653 418 3720 [Hscde
439 3675 467 3710 re
491 3667 662 3712 enarrantem
682 3663 738 3716 vid.
792 3661 845 3711 did.
863 3679 924 3729 pag.
940 3665 982 3726 35,
997 3666 1044 3730 qui
1057 3665 1136 3716 affert
1149 3667 1278 3716 Herodoti
1291 3667 1331 3716 lo·

200 3725 327 3776 Krische:
342 3728 381 3778 De
394 3731 518 3778 societat.
529 3731 644 3794 Pythag.
657 3748 740 3796 scopo
791 3747 837 3780 cos
850 3731 916 3784 hos:
932 3734 964 3796 V,
977 3735 1018 3785 02.
1035 3735 1113 3798 vlu,
1131 3737 1187 3786 102.
1204 3735 1259 3786 108.
1276 3736 1329 3785 Xe-

199 3794 370 3860 politicpsg.
385 3797 414 3846 01
431 3813 487 3864 seq.
503 3801 737 3852 etconl.Ullrich:
789 3801 869 3865 noph.
885 3803 970 3854 Anah.
987 3805 1039 3866 Vl,
1057 3807 1087 3863 ¹2,
1105 3807 1146 3856 21.
1173 3805 1204 3854 In
1219 3805 1268 3854 fine
1283 3821 1328 3853 cs-

198 3863 272 3915 Rcrr.
282 3865 415 3928 Sybaritt.
426 3883 505 3930 capp.
519 3884 580 3933 pag¹
592 3871 690 3932 liseq.
705 3873 738 3921 de
788 3871 855 3934 pitis
873 3871 1055 3922 exhibuimus:
1079 3871 1166 3922 ταῦτα
1180 3866 1210 3922 δέ
1225 3860 1265 3922 clv
1283 3861 1329 3923 oir-

198 3933 290 3998 Telyis
302 3936 650 4004 tyrannideexponantcm]
668 3940 738 3991 Con·
788 3953 831 3988 τοι
843 3938 961 4004 λέγουσι,
976 3958 1035 3992 cum
1048 3959 1140 3994 omnes
1156 3943 1217 3993 libri
1231 3942 1328 4008 scripti

197 4004 280 4052 simili
299 4001 470 4068 δημαγωγοῦ
487 4007 567 4056 titulo
583 4009 736 4072 Cypselum,
788 4008 946 4060 exhibeant:
966 4009 1055 4060 ταῦτα
1068 4003 1099 4060 δὲ
1111 4003 1174 4061 oris
1193 4000 1272 4062 οὗτοι
1284 4007 1326 4062 λέ-

197 4070 397 4124 Corinthiorum
410 4081 563 4139 tyrannum,
574 4078 736 4130 Aristotcles
786 4091 880 4141 γουσι,
894 4079 922 4128 in
936 4080 1032 4146 quibus
1044 4082 1168 4132 voculam
1183 4075 1235 4131 oris
1253 4089 1327 4134 stare

196 4149 275 4190 ornat
288 4144 367 4193 Polit.
382 4147 414 4195 V.
426 4161 485 4208 cap.
505 4145 574 4196 ult.‘¹
603 4149 735 4199 Werse-
786 4163 840 4197 non
851 4164 931 4213 posse
944 4165 1023 4199 nemo
1038 4168 1091 4200 non
1105 4152 1242 4216 intelligit.
1268 4155 1326 4204 Ita-

194 4210 268 4274 lr'rrp.
286 4213 328 4262 De
339 4215 399 4278 ipse
411 4229 477 4264 voce
491 4211 583 4278 Τῆλος
596 4219 642 4268 Cr.
660 4219 731 4271 cons.
784 4233 836 4282 qne
851 4233 898 4282 pro
916 4213 968 4266 oris
982 4219 1023 4268 De
1035 4221 1076 4271 La
1089 4223 1172 4271 Barre
1184 4224 1326 4286 proposuit

194 4277 370 4332 Doederlein:
399 4284 440 4332 De
464 4285 597 4336 vocabulo
619 4280 733 4352 τηλτῖηε-
783 4275 832 4349 ω’ν,
845 4289 916 4351 quod
927 4287 1074 4340 Schaesero
1085 4290 1325 4356 etBorhelciopro-

193 4347 519 4426 roc.(Erlsng.18‘25)p.
538 4354 577 4403 12.
604 4357 730 4424 Μοπβα-
782 4355 874 4405 hatum
894 4356 1169 4422 Schweighaeuserus
1193 4369 1221 4410 et
1244 4362 1324 4411 Gais-

193 4415 269 4466 σιλεα
280 4417 342 4468 dedi
352 4435 401 4483 pro
408 4417 530 4486 partirier
540 4430 566 4476 et
573 4428 655 4491 paulo
665 4432 729 4494 post
780 4425 885 4476 lordins
898 4434 1072 4494 receperunt,
1090 4445 1158 4494 quos
1171 4430 1230 4494 ipse
1246 4446 1323 4482 socu-
