3062 4986
529 345 802 408 POLYMNIA.
827 345 898 406 VII.
918 353 1039 409 30-32.
1285 345 1347 406 495

216 519 389 612 ρευομένῳ
411 524 570 608 διαβῆναι
591 519 650 590 τὸν
663 525 867 608 Μαίανδρον
880 515 1031 606 τοταμόν
1045 521 1133 586 πᾶσα
1153 511 1281 605 ἀνάγκη
1295 523 1346 602 γί-

216 649 325 710 νεται,
346 624 403 692 καὶ
425 625 512 693 ἰέναι
534 622 624 708 παρὰ
646 623 869 712 Καλλάτηβον
888 621 1004 708 πόλιν,
1026 623 1063 690 ἐν
1084 625 1124 712 τῇ
1144 616 1265 710 ἀνδρες
1285 625 1345 708 δη-

216 729 371 818 μιουργοὶ
390 727 465 815 μέλι
479 729 516 797 ἐκ
535 734 677 817 μυρίκης
691 755 727 797 τε
741 730 797 798 καὶ
812 731 923 816 πυροῦ
937 729 1086 810 ποιεῦσι,
1107 722 1233 812 ταύτην
1253 719 1347 792 ἰάνὸ

215 836 338 920 Ξέρξης
358 828 420 920 τὴν
440 826 521 900 ὁδδν
543 821 621 919 εὗρε
637 831 884 926 τιλατάνιστον,
907 826 969 919 τὴν
990 829 1129 908 κάλλεος
1149 831 1262 896 εἵνεκα
1279 833 1344 897 δω-

216 935 402 1024 ρησάμενος
420 933 532 1027 κόσμῳ
552 937 681 1028 χρυσέῳ
703 937 758 1004 καὶ
778 938 958 1027 μελεδωνῷ
977 930 1137 1025 ἀθανάτῳ
1152 927 1252 1021 ἀνδρὶ
1272 934 1345 1001 ἐτι-

214 1041 337 1128 τρέψας
358 1039 498 1128 δευτέρῃ
518 1033 624 1128 ἡμέρῃ
645 1038 781 1108 ἀπίκετο
795 1041 829 1118 ἐς
847 1043 916 1108 τάν
929 1041 1054 1106 Λυδῶν
1066 1032 1104 1106 τὸ
1122 1031 1216 1103 ἀστυ.
1252 1031 1392 1105 ’Δια-32
1451 1039 1463 1060 “

216 1220 280 1272 peg.
293 1203 353 1256 438.
367 1203 475 1256 Schoell
488 1204 528 1270 (in
541 1210 597 1255 not.
607 1220 677 1256 vers.
689 1203 757 1256 Ger-

216 1273 326 1338 manic.)
339 1275 457 1341 intelligi
466 1274 527 1326 vult
536 1275 673 1340 oppidum,
683 1275 756 1340 quod

215 1344 251 1394 sd
261 1343 408 1408 Cogsmum
421 1347 507 1394 rivum
520 1345 572 1394 luit
582 1346 663 1395 situm
676 1345 757 1394 benc·

216 1429 268 1479 que
285 1413 416 1464 munitum
433 1430 481 1480 per
503 1415 583 1464 medii
607 1416 669 1465 aeri
688 1420 756 1464 tem-

214 1498 298 1548 pora,
312 1499 383 1533 nuuc
395 1485 535 1548 cognitum
547 1485 654 1535 nornine
667 1484 756 1534 Allat-

214 1551 354 1616 Sclselrrfi.
370 1569 393 1602 e.
408 1553 452 1604 dei
463 1552 540 1616 urbs)
554 1557 580 1604 et
592 1554 656 1604 rino
670 1553 755 1603 ebun-

214 1622 298 1672 dsnst
321 1623 414 1687 itaque
433 1637 516 1688 prope
535 1621 755 1688 Philadelphism

215 1691 398 1756 qurerendum
412 1693 479 1753 erit,
501 1707 582 1756 quem
600 1691 754 1756 ipsumhoc

216 1761 323 1810 nomine
346 1759 576 1826 (Allch-Sobehr)
598 1777 668 1812 nuuc
685 1761 756 1812 desi-

214 1829 292 1895 gnari
302 1830 428 1881 trudunt:
447 1846 531 1897 quare
540 1831 695 1882 Aiusworth
707 1830 726 1880 l.
736 1829 753 1880 l.

214 1915 277 1964 ρος.
291 1899 323 1950 14
336 1899 507 1950 Collsbetum
523 1900 561 1950 ibi
578 1903 672 1966 quaeri
686 1899 755 1962 vult,

213 1969 260 2019 ubi
281 1983 353 2019 nuuc
373 1969 450 2021 vicus
467 1969 633 2032 Ainelr-Go'l,
651 1971 755 2020 addens

214 2054 274 2089 eum
287 2039 440 2104 regionem,
461 2055 533 2106 quse
545 2040 616 2090 iuter
628 2039 700 2090 hunc
715 2039 755 2089 vi-

212 2123 274 2158 cum
287 2113 315 2158 et
324 2107 522 2159 Allslr-Schehr
533 2109 650 2174 intersit,
663 2110 756 2160 udmo-

213 2178 275 2228 dum
288 2177 403 2228 fertilem
417 2194 485 2230 esse.

247 2238 352 2311 ἀνδρες
364 2241 546 2312 δημιουργοὶ]
560 2248 602 2297 Tu
615 2246 670 2298 vid.
684 2251 755 2298 nott.

213 2315 249 2366 cd
263 2315 310 2379 IV,
329 2317 389 2371 194.
399 2344 434 2352 -
447 2318 480 2367 ln
491 2317 612 2383 proxime
622 2331 696 2382 seqq.
707 2331 755 2367 vo-

213 2401 271 2436 cem
282 2383 342 2450 pe'tr
355 2391 420 2437 unte
432 2386 546 2436 ποιεῦσι
560 2386 640 2452 vulgo
652 2385 756 2437 exhibi-

213 2460 268 2505 tsm
292 2453 485 2508 collocavimus
511 2471 572 2507 cum
593 2453 754 2521 Schweigh,

213 2524 300 2576 (laiss.
313 2529 341 2575 et
350 2539 421 2576 rece.
432 2525 493 2576 edd.
505 2531 568 2576 ente
581 2517 612 2574 ἐν
622 2523 753 2589 μυρίνην.

211 2595 251 2644 Ac
271 2597 389 2659 myricam
409 2595 491 2661 vulgo
513 2596 655 2661 accipiunt
675 2602 754 2644 toma-

211 2665 302 2722 m'oem;
326 2666 451 2730 quamvis
474 2681 527 2730 quo
549 2666 627 2715 modo
647 2664 700 2715 hsc
719 2679 752 2714 ex

147 2770 149 2774 .
212 2733 322 2798 pleuto,
342 2749 376 2784 ex
393 2734 452 2785 sius
471 2734 560 2798 loliis,
580 2735 716 2785 fructibus
730 2749 751 2784 s.

211 2802 290 2853 caule
301 2803 354 2854 mel
365 2805 518 2869 comparari
530 2805 626 2869 possit,
642 2803 752 2854 difficile

211 2872 328 2923 dixerise
344 2874 398 2924 nisi
415 2873 496 2923 slicm
508 2889 617 2940 prorsus
629 2874 752 2938 plantam

211 2941 257 2992 liic
267 2942 472 3007 intelligendam
487 2959 547 2994 esse
558 2948 676 2994 statues.
700 2943 753 2992 Im-

211 3013 307 3062 merito
325 3016 416 3062 sutem
434 3013 467 3062 de
483 3015 553 3063 melle
572 3016 686 3064 naturali
705 3013 750 3063 hic

210 3081 508 3216 libidimis
527 3081 751 3202 5535155λὲ·

208 3220 372 3284 prehensus,
386 3221 434 3284 qui
449 3226 523 3272 recte
537 3220 589 3273 mel
599 3227 660 3273 crte
672 3236 752 3287 perc·

805 1202 872 1256 loss.
888 1219 951 1270 pag.
968 1202 1058 1257 3778.
1086 1201 1345 1279 dttrrlitW'csseliu-

805 1272 1346 1406 institistitutudisti

806 1415 915 1467 Greur.
927 1412 995 1462 hoec
1006 1411 1203 1474 adscripscrat:
1217 1413 1277 1475 „Dc
1287 1411 1345 1476 ple-

805 1488 930 1533 tsuorum
946 1497 993 1547 per
1006 1482 1149 1533 Graeciam
1162 1479 1345 1546 pulcritudine

804 1557 832 1602 et
844 1551 1032 1602 nonnullarum
1042 1549 1220 1614 amplitudine
1233 1551 1290 1615 ugit
1299 1551 1345 1600 Li-

805 1623 853 1672 bcr
870 1623 942 1673 Bsro
961 1622 994 1671 de
1010 1618 1188 1685 Stcclrclberg
1203 1619 1230 1668 in
1253 1635 1343 1685 opere,

805 1692 878 1756 quod
892 1690 1063 1743 inscribitur:
1080 1691 1137 1740 Der
1147 1688 1345 1754 Apollctcmpel

806 1775 840 1810 ττι
852 1762 965 1811 Bssesc.
985 1775 1047 1826 pag.
1063 1760 1104 1810 14.
1124 1763 1182 1809 uot.
1197 1759 1263 1808 12¹¹
1302 1761 1345 1809 De

805 1830 926 1896 plutsnis
939 1830 1056 1880 diximus
1070 1829 1104 1878 ad
1119 1828 1184 1890 Vll,
1199 1829 1242 1879 st.
1268 1829 1347 1879 Stru-

805 1904 909 1951 ctursm
920 1899 996 1949 verbi
1008 1896 1166 1960 δωρεῖσθαι
1176 1899 1281 1963 attigit,
1294 1899 1345 1949 hoo

804 1971 864 2020 loco
879 1967 978 2030 allato,
991 1967 1118 2018 Kuchuer
1130 1966 1175 2017 Gr.
1190 1965 1235 2020 Gr.
1248 1971 1271 2031 5.
1283 1967 1344 2020 550.

805 2043 862 2090 not.
873 2039 899 2088 3.
914 2037 988 2088 Solet
998 2037 1070 2088 enim
1079 2036 1179 2086 Noster
1188 2035 1252 2088 huic
1261 2039 1344 2088 verbo

804 2109 904 2160 sddere
915 2107 995 2157 modo
1012 2106 1200 2156 accusativum
1212 2123 1345 2172 personas

805 2195 837 2229 ec
852 2177 972 2228 dativum
987 2178 1027 2228 roi
1042 2191 1064 2225 s.
1074 2176 1162 2241 ipsius
1175 2175 1240 2226 doni
1254 2177 1288 2243 (1,
1299 2178 1342 2231 54.

804 2249 861 2312 111,
878 2245 1006 2314 1³0.,1v‚
1018 2245 1067 2297 es.
1081 2246 1134 2305 VI,
1148 2246 1204 2297 1¹25.
1219 2248 1344 2309 v11,27.

804 2317 847 2370 28.
861 2318 906 2371 54.
923 2315 981 2366 116.
998 2315 1052 2377 IX,
1073 2314 1148 2379 110),
1172 2315 1252 2366 modo
1272 2316 1343 2367 duti-

804 2401 866 2437 vum
886 2400 1019 2450 personae
1043 2389 1071 2435 ct
1090 2385 1278 2437 accusativum
1303 2387 1344 2436 rei

805 2457 853 2521 (11,
867 2455 925 2506 leo.
940 2456 973 2516 V,
987 2453 1030 2504 37.
1047 2453 1095 2512 VI,
1113 2453 1183 2519 125).

827 2521 874 2574 καὶ
883 2520 1032 2590 μελεδωνῷ
1041 2517 1176 2590 ἀθανάτῳ
1187 2514 1270 2587 ἀνδρὶ
1282 2515 1343 2574 ἔπι-

801 2593 917 2660 ιρέψοις]
932 2594 1070 2644 Immerito
1084 2594 1112 2642 in
1124 2592 1166 2644 his
1177 2594 1266 2645 verbis
1280 2595 1343 2645 huc-

802 2669 862 2716 rent
871 2679 920 2729 pro
929 2655 1066 2730 ἀθανάτῳ
1077 2663 1257 2715 rescribentes
1265 2657 1342 2713 ἀθα-

801 2730 909 2784 νάτους
931 2733 1115 2783 custodiendam
1130 2734 1251 2783 mandans
1267 2735 1341 2783 arbo-

801 2819 854 2854 rem
883 2805 939 2854 uni
970 2818 1010 2852 erc
1035 2805 1259 2854 immortalium
1290 2821 1342 2855 eo-

800 2875 902 2935 horti,
928 2873 1151 2938 quemadmodum
1175 2873 1248 2938 epod
1270 2873 1341 2923 Psu-

800 2959 859 2995 cen.
873 2943 925 3006 Vl,
943 2942 969 2993 5.
986 2945 1011 3005 §-
1025 2942 1050 2993 s.
1086 2941 1162 2992 Libri
1177 2943 1271 3007 scripti
1287 2958 1340 2993 non

801 3013 986 3078 suffragentur
1018 3027 1106 3077 neque
1133 3012 1243 3063 omniuo
1273 3027 1340 3077 opus

800 3083 948 3148 quidquem
961 3087 1081 3142 mutare,
1098 3082 1204 3146 siquae
1218 3083 1276 3147 ipsc
1285 3081 1341 3132 Ho-

800 3152 915 3202 rodotus
935 3152 1005 3213 Vll,
1019 3151 1053 3203 8³
1074 3150 1231 3214 tradiderit,
1256 3153 1341 3216 respi-

800 3223 914 3273 ciemus.
950 3220 1074 3286 Namque
1093 3213 1241 3277 ἀθάνατος
1265 3213 1340 3285 ἀνὴρ

208 3295 266 3339 tum
280 3289 326 3340 hic
339 3289 457 3354 intelligi
471 3289 540 3340 vult.
800 3289 826 3341 h.
848 3290 867 3344 l.
884 3294 927 3339 est
943 3292 1086 3340 immortalis
1107 3290 1150 3354 qui
1168 3299 1273 3342 occatur
1291 3295 1339 3354 sir,

243 3350 296 3422 τήν
311 3350 427 3416 κάλλεος
440 3355 535 3408 εἵνεκα
547 3351 750 3422 δωρησάμενος
800 3361 858 3411 sire
881 3359 957 3410 miles
977 3375 1008 3410 ex
1030 3374 1122 3409 eorum
1139 3359 1266 3424 cohorte,
1292 3362 1338 3425 qui

207 3421 303 3495 κόσμῳ
316 3425 433 3494 χρυσέῳ]
450 3429 469 3482 i.
484 3445 507 3480 e.
527 3444 621 3494 „qu
640 3429 670 3478 ob
690 3443 749 3491 spe-
800 3429 874 3494 spud
886 3429 984 3479 Perrss
993 3427 1166 3478 Immortalem
1178 3431 1287 3481 nomine
1298 3433 1339 3480 in-

206 3501 254 3548 riei
274 3500 455 3561 praestantiam
477 3513 556 3548 aureo
583 3498 684 3548 donavit
707 3513 749 3547 cr·
799 3499 976 3558 dicebantur3
1000 3503 1032 3548 ut
1050 3498 1094 3548 vel
1110 3499 1191 3551 nimis
1213 3501 1338 3566 quaesite

207 3568 308 3628 uaru‚“
332 3573 363 3617 ut
386 3567 454 3618 bene
475 3566 594 3618 reddidit
611 3566 748 3632 Schweig-
797 3567 955 3632 videsntur,
983 3583 1052 3634 quae
1073 3569 1108 3618 nd
1124 3568 1150 3619 h.
1171 3567 1190 3620 l.
1210 3571 1339 3623 observet

206 3635 363 3688 bseuserus.
399 3637 544 3688 Pertinent
565 3637 618 3686 huc
639 3635 748 3687 Aeliani
798 3636 1070 3703 Schweighaeuserus
1080 3629 1231 3689 ἀθάνατον
1244 3633 1338 3705 ἀνδρα

207 3706 291 3756 verbe
302 3705 336 3756 V.
347 3705 382 3759 H.
396 3706 488 3770 11,14,
502 3708 550 3758 ubi
559 3706 662 3757 Xerxes
673 3705 748 3756 velut
798 3707 843 3758 hic
857 3721 918 3758 eum
932 3707 986 3757 dici
999 3708 1172 3774 existimaus,
1194 3711 1237 3760 cui
1254 3712 1336 3762 etism

206 3765 325 3838 ἐραστὴς
344 3765 450 3838 ἐξῆρεν
466 3767 555 3840 αὐτῆς
571 3767 679 3838 αάσμον
695 3789 746 3824 πο·
797 3792 869 3827 nunc
880 3779 943 3827 rivo
958 3792 1100 3830 successor
1112 3779 1150 3829 sit
1165 3779 1336 3846 designatus,

206 3840 320 3908 λυτιλῆ,
340 3845 487 3906 στρεπτοῖς
502 3841 550 3894 καὶ
563 3843 690 3908 ψελλίοις
707 3859 747 3893 τι·
796 3847 842 3911 qui
860 3847 888 3896 iu
902 3848 1001 3897 mortui
1020 3852 1069 3898 sut
1087 3847 1122 3898 ub
1142 3847 1336 3902 officio-disee·

205 3909 268 3977 priv
284 3909 351 3970 τοδς
374 3904 496 3971 κλάδους
514 3909 562 3964 καὶ
586 3905 746 3978 μελεδωνὸν
797 3915 887 3967 dentis
898 3916 988 3966 locum
1000 3915 1073 3968 illico
1088 3918 1230 3968 succedet:
1250 3920 1290 3969 its
1304 3924 1335 3968 ut

203 3977 279 4046 αὐτῇ
289 3978 451 4046 κατέλιπεν,
467 3973 536 4034 ciere
552 3973 677 4048 ἐρωμένῃ
691 3976 746 4048 φάῑ
796 3985 852 4037 dici
871 3983 1003 4037 hactenus
1021 3987 1123 4051 possit,
1141 4003 1277 4054 nunquam
1294 3989 1335 4036 in·

205 4051 277 4099 λατα
293 4046 342 4099 κοιλ
355 4044 494 4116 φρουράν.
527 4055 622 4105 Trete.
640 4053 676 4103 cd
691 4053 747 4118 Ly·
795 4055 921 4119 termori,
937 4056 983 4122 qui
995 4053 1100 4118 cilicio,
1121 4057 1154 4106 de
1164 4055 1221 4122 'quo
1233 4056 1334 4122 agitur,

204 4119 297 4185 cophr.
319 4121 444 4173 vs.1432
466 4137 529 4189 pag.
549 4121 746 4174 1037.v01.11
795 4125 935 4190 iungetur.
973 4127 1049 4188 Quae
1079 4126 1164 4176 etism
1187 4125 1334 4176 Letrcunio

204 4188 302 4268 Mucii,
311 4181 382 4238 καθ’
397 4184 555 4252 Ἡρόδοτον
569 4192 611 4242 sit
626 4181 746 4256 ἐχρύσω-
797 4193 922 4260 (Jourusl
937 4194 964 4246 d.
978 4195 1042 4248 Ser.
1061 4195 1138 4246 1817.
1150 4209 1215 4260 ρος.
1228 4185 1275 4258 95)
1294 4195 1335 4244 ui·

204 4270 254 4307 osv
266 4254 358 4324 αυτὴν
372 4253 421 4309 διὰ
433 4255 466 4310 τδ
479 4253 595 4322 κάλλος,
616 4261 745 4328 deceptus
796 4265 847 4312 mis
860 4265 994 4316 arcessitu
1010 4268 1038 4314 ct
1055 4263 1181 4328 quaesitu
1194 4263 1333 4314 sidentur.

202 4343 287 4378 auree
297 4327 411 4393 pisteuo
422 4345 486 4396 csp.
498 4332 542 4392 27,
556 4329 636 4395 plane
648 4336 679 4381 ut
690 4331 745 4380 Dio
795 4333 898 4384 Vocem
918 4322 1003 4396 ἀνδρὶ
1022 4331 1143 4384 udditsm
1161 4346 1222 4383 esse
1239 4333 1334 4384 eodem

203 4396 344 4464 Chrysost.
357 4399 459 4451 Hcmrl.
474 4401 527 4452 Vll
541 4403 568 4450 in
582 4401 632 4465 llp.
647 4400 682 4451 sd
694 4401 745 4452 Co·
796 4406 892 4467 pccto,
908 4417 960 4468 quo
972 4401 1054 4468 psulo
1065 4405 1129 4452 sute
1143 4395 1336 4472 δημιουρροδς
