3010 4966
454 385 825 453 snussronoss.
849 393 887 454 v.
910 403 953 458 ιι.
1229 397 1269 464 οι

132 557 211 650 μός,
227 555 307 630 oridi
321 561 358 631 ἐκ
372 563 433 630 τού
445 559 550 634 αὐτοῦ
565 565 666 652 ῥέων·
689 561 706 635 ό
721 567 783 655 μὲν
796 565 859 656 γάρ
874 568 1032 658 πρότερος
1046 569 1159 645 αὐτῶν
1169 607 1269 649 κατα-

132 667 266 754 λεχθεὶς
288 666 320 747 ἕξ
341 663 522 756 Ἀρμενίων
544 671 628 756 ρ’έει,
655 666 673 738 ό
697 669 729 740 d’
752 670 894 758 ὕστερον
913 679 949 745 ἐκ
963 683 1159 766 Ματιηνῶν.
1192 679 1210 750 ό
1233 684 1269 754 dl
1359 696 1364 706 '

132 771 287 856 τέταρτος
307 774 374 839 τῶν
395 777 552 861 ποταμῶν
572 771 699 862 οὕνομα
719 783 784 864 ἔχει
805 777 956 866 Γύνδης,
984 778 1043 848 τόν
1063 788 1175 869 Κύρος
1200 790 1266 857 όιέ-

132 878 219 962 λαβέ
229 901 304 943 κοτε
319 878 351 954 ἐς
368 873 531 964 διῶρυχας
550 876 705 966 ἑξήκοντα
724 881 779 948 καί
793 890 990 969 τριηκοσίας.
1027 882 1080 956 Ἐκ
1096 888 1132 957 di
1146 887 1266 978 ταύτης

131 982 190 1066 τῆς
213 975 383 1066 Ἀρμενίης
404 980 598 1068 ἐσβάλλοντι
619 985 651 1060 ἐς
670 980 731 1072 τὴν
752 983 932 1074 Ματιηνὴν
952 991 1015 1075 γῆν
1035 999 1182 1080 σταθμοί
1202 1001 1265 1062 είσι

132 1085 285 1168 τέσσερες
305 1136 409 1152 .......
431 1087 467 1152 ἐκ
490 1085 526 1153 δὲ
549 1085 668 1174 ταύτης
691 1090 724 1165 ἐς
741 1085 802 1174 τὴν
816 1097 960 1178 Κισσίην
979 1090 1089 1180 χῶρην
1107 1104 1263 1183 μεταβαί-

132 1213 227 1254 νοντι
249 1190 368 1256 ἕνδεκα
388 1190 551 1276 σταθμοί,
579 1189 789 1280 παρασάγγαι
810 1193 847 1261 di
868 1192 928 1262 δύο
950 1197 1005 1262 καὶ
1025 1198 1265 1285 τεσσεράκοντα

132 1291 189 1358 καὶ
203 1286 305 1378 ἥμισύ
319 1293 386 1360 ἐστι
402 1293 454 1359 ἐπὶ
468 1291 617 1381 ποταμὸν
630 1292 806 1383 Χοάσπην,
832 1295 928 1366 ἐόντα
943 1301 999 1366 καὶ
1017 1305 1135 1369 τοῦτον
1148 1326 1263 1390 νηυσι-

131 1397 295 1482 πέρητον,
323 1391 378 1462 ἐπ’
400 1384 428 1485 gi
447 1400 563 1463 Σοῦσα
589 1396 684 1477 πόλις
711 1398 914 1470 πεπόλισται.
956 1393 1060 1472 Οὗτοι
1085 1409 1120 1474 οί
1144 1405 1266 1486 πάντες

131 1503 281 1586 σταθμοί
297 1502 360 1565 είσι
375 1501 493 1568 ἕνδεκα
513 1502 568 1568 καί
584 1501 708 1571 ἑκατόν.
745 1506 933 1592 καταγωγαί
949 1507 1012 1594 μέν
1025 1535 1090 1576 νυν
1105 1513 1264 1598 σταθμῶν

130 1663 604 1730 Handb.d.clt.Geogr.11,p.607.
630 1667 672 1718 De
724 1671 766 1722 Tu
779 1673 850 1722 conf.
868 1676 937 1722 nott.
951 1671 1013 1722 adl
1022 1675 1131 1734 ‚72.-
1149 1673 1190 1726 Ad
1202 1691 1263 1728 ver-

132 1736 237 1799 Gpnde.
260 1735 307 1798 qui
326 1738 367 1784 est
385 1735 565 1786 recentiorum
584 1739 672 1802 Dinia,
721 1741 786 1791 bum
798 1735 907 1804 διέλαβε
918 1741 1054 1806 (dissecuit.
1064 1743 1175 1805 diderit)
1189 1746 1262 1798 conf.

130 1803 250 1854 diximus
270 1804 305 1854 nd
320 1805 353 1883 l,
372 1805 435 1878 189,
464 1805 557 1858 Zabati
576 1822 672 1858 nomen
723 1811 746 1872 1,
761 1811 819 1862 190.
834 1812 892 1862 2⁰2.
907 1812 1028 1876 Xenoph.
1044 1813 1141 1878 Cyrop.
1154 1815 1191 1876 V,
1207 1816 1230 1874 1,
1248 1815 1261 1866 l

130 1890 195 1924 unm
215 1879 276 1938 post
294 1871 519 1937 οννομαζομενος
542 1877 674 1927 exciderit
722 1882 814 1946 ibique
824 1882 1003 1944 Bornemsun,
1014 1882 1085 1932 etad
1096 1881 1262 1934 locutionem

130 1943 181 2008 (ei.
196 1943 329 1994 Bobrick:
350 1943 503 2010 Geogrsplr.
525 1945 551 1997 d.
569 1947 671 1998 Herod.
724 1942 804 2007 scilic
818 1945 983 1999 πεπόλισται
998 1953 1084 2002 nitate
1098 1952 1132 2002 cd
1146 1955 1178 2015 V,
1195 1955 1236 2007 14.

130 2031 159 2079 p.
178 2013 236 2076 158)
247 2013 477 2094 supplendumque
488 2019 561 2091 certe
571 2017 621 2079 sit,
638 2032 672 2065 an
759 2017 884 2080 σταθμοί
895 2013 947 2068 είσι
961 2019 1098 2086 τέσσερες]
1113 2023 1181 2073 Post
1192 2023 1261 2075 haee

129 2086 208 2150 prius
228 2082 295 2134 illud
315 2097 405 2140 (ουτος
423 2084 449 2132 in
470 2082 594 2148 Ζαβατος
615 2100 672 2135 mu·
722 2089 805 2141 verbu
835 2090 961 2138 lacunam
991 2083 1261 2143 statuendam'esse

130 2153 257 2214 tandum,
282 2158 313 2202 ut
334 2151 470 2204 nonnullis
495 2156 560 2204 viris
584 2155 672 2206 doctis
722 2157 964 2208 nemononvidet:
985 2175 1055 2224 quae
1068 2161 1201 2224 quomodo
1215 2180 1261 2214 ex-

128 2223 238 2290 placuit
254 2221 302 2286 (ei.
315 2223 437 2288 Kiepert.
455 2240 481 2285 p.
496 2223 559 2287 135,
578 2225 671 2274 Herm.
721 2227 820 2292 plenda
832 2227 957 2276 videatur
968 2229 1035 2278 viris
1048 2228 1144 2292 doctis,
1159 2231 1262 2282 iudicu-

129 2295 152 2346 1.
167 2293 200 2346 C.
214 2293 422 2342 Weissenborn:
445 2294 544 2344 Ninive
564 2310 591 2344 ιι.
610 2295 670 2344 sein
720 2296 949 2357 buntsequentie.
977 2297 1086 2346 bilibris
1097 2300 1207 2364 scriptis
1220 2302 1261 2350 ni-

128 2363 237 2414 Gebiet.
249 2361 592 2427 Erfurdt.185l.p.4not.‚
605 2365 671 2414 Gut·
720 2366 758 2416 hil
771 2364 867 2414 auxilii
885 2364 1010 2414 effertur:
1035 2367 1128 2431 itaque
1145 2366 1261 2420 lacunae

129 2432 236 2484 schmid
247 2431 413 2498 mphitolog,
427 2433 459 2482 X.
468 2432 550 2496 pons
559 2437 587 2480 et
596 2431 668 2494 667).
720 2436 799 2500 signa
808 2435 931 2498 adposui,
943 2433 971 2483 id
981 2438 1087 2484 tentum
1100 2437 1261 2487 monendum

129 2504 155 2554 id
172 2502 281 2568 quidem
293 2503 321 2551 in
331 2501 417 2552 medio
428 2501 594 2565 relinquam:
614 2506 670 2552 ete·
721 2505 772 2555 hoc
793 2504 961 2561 locaretur,
983 2503 1083 2566 verbe,
1110 2519 1180 2570 quse
1199 2511 1262 2569 post

129 2576 185 2624 nint
201 2571 284 2648 verba
298 2572 441 2637 sequentis.
452 2564 505 2619 ούκ
515 2560 670 2626 ῶοτόςὲιόν
719 2575 789 2624 hano
802 2573 929 2623 lacunam
943 2573 1082 2636 leguntur,
1105 2565 1133 2622 ἐκ
1152 2566 1263 2624 ditari.

129 2657 259 2705 ποταμος
277 2641 320 2692 vel
339 2641 455 2691 suadere
476 2639 617 2702 videntur,
640 2638 678 2692 ut'
720 2660 783 2708 της,
806 2647 930 2708 spectare
950 2643 985 2694 ad
1002 2643 1084 2694 verba
1100 2659 1262 2709 praegressa

128 2713 261 2764 intactum
295 2711 476 2774 relinquamus
508 2711 670 2762 antecedens
720 2707 747 2772 ἐς
764 2707 818 2776 τὴν
831 2705 985 2775 Ματιηνὴν
999 2711 1062 2776 γῆν.

128 2773 229 2844 ῶυτός,
243 2780 412 2844 quodomncs
424 2793 529 2844 quoque
540 2781 671 2844 praebent
756 2772 803 2831 ἒπί
825 2773 953 2844 ποταμόν
969 2779 1111 2844 Χοάσπην
1123 2809 1156 2817 -
1170 2771 1216 2830 ἐπ’
1238 2766 1261 2843 oi

127 2851 194 2902 libri
205 2849 313 2912 scripti:
326 2849 351 2898 id
362 2865 426 2899 vero
438 2853 589 2911 teneamus,
598 2851 671 2914 quod
721 2849 820 2902 Σοῦσα
830 2844 911 2910 πόλις
921 2844 1098 2916 πεπόλισται]
1110 2851 1196 2902 Simili
1207 2867 1261 2900 mo·

128 2921 164 2972 ad
184 2919 264 2969 iidem
280 2917 414 2968 Herodoti
431 2919 525 2984 utique
543 2921 668 2984 pertinet,
721 2923 755 2972 do
768 2924 868 2973 Noster
882 2938 964 2987 supra
979 2923 1012 2984 V,
1025 2921 1072 2971 dil:
1093 2912 1122 2970 ἐν
1138 2922 1174 2986 τῇ
1188 2921 1260 2984 (soil.

129 2990 172 3040 vel
190 2988 280 3038 adbuc
297 2991 353 3038 tres
373 2991 480 3038 tanturn
499 2989 596 3039 fluvios
615 3005 670 3040 ma·
720 2988 833 3057 ΙΙισσίη)
859 2983 896 3056 δὴ
924 2984 1002 3051 παρὰ
1026 2981 1155 3053 ποταμόν
1177 2983 1260 3039 τόνδε

127 3062 202 3110 iores
225 3057 343 3107 inveniri
368 3057 402 3108 ab
426 3059 530 3108 oriente
549 3058 670 3124 Tigridis
720 3052 861 3124 Χοάσπην
885 3054 1000 3123 κείμενά
1022 3049 1079 3109 ἐστι
1104 3053 1138 3108 τό
1162 3058 1260 3109 Σοῦσα

129 3132 158 3180 in
187 3128 258 3177 hunc
284 3128 372 3191 ipsum
397 3127 539 3178 influentes
565 3129 628 3178 inde
653 3144 670 3178 s
719 3127 821 3192 ταῦτα,
847 3131 881 3181 ad
907 3145 985 3195 quem
1006 3131 1094 3180 locum
1114 3128 1170 3180 vid.
1190 3145 1260 3195 quae

128 3199 256 3262 Choaspe
275 3211 361 3261 usqne
380 3196 415 3246 ad
438 3197 602 3261 superiorem
623 3199 670 3247 Ti·
720 3201 847 3250 defluvio
862 3205 944 3264 atque
959 3201 1025 3250 urbe
1040 3198 1191 3249 attulimus.
1297 3219 1298 3222 ¹

128 3269 217 3331 gridis
239 3281 345 3316 cursum
365 3267 525 3332 eosdemque
544 3273 671 3318 accurate
756 3255 844 3318 Οότοι
857 3264 886 3317 οἵ
897 3261 1001 3325 πάντες
1015 3267 1141 3330 σταθμοί
1151 3261 1205 3316 elce
1219 3261 1262 3318 iv-

128 3339 175 3389 hie
196 3336 313 3386 indicari
338 3352 355 3386 a
374 3337 490 3395 Nostro,
516 3336 562 3400 qui
585 3338 613 3387 in
637 3353 669 3388 eo
721 3335 790 3388 δικοι
808 3334 854 3387 καὶ
873 3329 985 3402 ἑκατὸν]
1005 3339 1106 3400 „Retio
1126 3353 1179 3388 non
1199 3355 1262 3388 con·

129 3411 239 3458 tautmn
256 3404 350 3470 lapsus
362 3405 472 3456 videtur
483 3407 612 3470 Kieperto
632 3405 669 3473 (p.
721 3413 785 3458 stat.
829 3408 977 3458 ,Μιιιιιίοιιοο
999 3408 1056 3460 sive
1083 3403 1206 3468 σταθμοὶ
1233 3409 1261 3458 ἱιι

130 3479 181 3530 135
195 3475 281 3541 σόη),
303 3475 375 3540 qood
396 3480 451 3526 tres
471 3475 553 3526 hosce
573 3479 671 3528 fluvios
722 3479 945 3542 praecedentibus
977 3475 1112 3527 duntaxat
1137 3477 1260 3528 LXXXI.

129 3547 166 3598 ad
180 3545 334 3596 Armeniam
347 3546 481 3608 retulerit,
494 3561 553 3598 cum
564 3547 600 3598 ad
613 3563 671 3598 eam
722 3551 816 3612 Neque
826 3547 955 3598 convenit
965 3561 1178 3610 parasangarum
1190 3562 1262 3595 surn-

129 3623 230 3669 terrum
246 3616 415 3680 pertineant,
435 3631 505 3682 quae
520 3617 673 3667 Armenium
724 3634 780 3667 rna:
800 3620 977 3668 numeruntur
995 3621 1101 3666 tuntum
1114 3615 1261 3666 CCCXIII.

131 3705 148 3738 a
166 3685 277 3736 meridie
301 3685 405 3750 excipit
428 3691 455 3736 et
474 3686 607 3736 llatienes
626 3703 673 3737 no·
724 3688 896 3752 Quistnmen
910 3687 1263 3751 pnrnsurrpr'eprmdrinpemr'n

131 3758 203 3808 mine
214 3755 249 3805 nb
260 3755 400 3806 Herodoto
410 3756 576 3819 designatur,
589 3756 672 3822 vulgo
724 3763 752 3808 et
765 3759 955 3821 quinquaqinta.
970 3762 1036 3820 quot
1048 3772 1076 3806 se
1090 3755 1214 3820 posuisse
1226 3755 1262 3806 si-

131 3829 258 3888 Asrprine
274 3825 382 3878 nornine
395 3827 516 3890 cognita.
723 3827 848 3892 gnificat,
873 3831 1000 3877 accurate
1013 3826 1162 3876 stadiorum
1182 3824 1262 3874 colle·

166 3887 195 3956 ἐξ
210 3888 361 3958 Ἀρμενίων
381 3887 449 3960 όέει]
471 3889 572 3946 Eodem
593 3895 673 3946 modo
723 3900 779 3948 ctio
795 3897 936 3962 congruit,
950 3897 1018 3947 bene
1031 3895 1191 3944 illibabent.
1215 3891 1262 3942 Vi-

130 3967 233 4016 Noster
248 3965 355 4017 locutus
369 3969 412 4016 est
425 3967 447 4027 Ι,
465 3963 526 4028 180,
541 3964 588 4016 sed
602 3965 625 4026 Ι,
639 3967 671 4015 72
723 3969 763 4017 tie
777 3967 805 4016 in
820 3967 990 4017 mansionum
1006 3969 1033 4016 et
1049 3975 1262 4030 parasangerum

131 4035 166 4085 de
177 4034 279 4100 llslye:
292 4025 350 4096 (is'n
361 4024 389 4094 ἕξ
400 4025 544 4097 Ἀρμενίου
556 4024 671 4096 οόρεοςς
722 4037 855 4098 numeris,
868 4037 926 4088 suis
935 4035 998 4086 olim
1011 4035 1080 4085 locis
1090 4033 1161 4081 iuste
1172 4030 1259 4093 signa-

131 4105 232 4170 quibus
243 4103 311 4154 locis
322 4119 376 4154 non
389 4109 443 4154 tam
458 4103 670 4170 deregionedr·
723 4108 773 4167 tis,
796 4107 901 4157 indicta
917 4105 1047 4164 haerent,
1072 4099 1186 4150 aliorum
1207 4097 1262 4146 ior-

132 4174 237 4236 menia‚
251 4189 332 4238 qrram
344 4173 376 4224 do
390 4173 527 4224 montibus
538 4175 673 4224 Armeniis
722 4181 798 4226 tasse
808 4180 952 4227 martorum
963 4172 1063 4223 auxilio
1074 4167 1200 4220 eluenda:
1216 4182 1262 4216 uo-

132 4245 177 4308 agi
191 4243 313 4304 credam,
335 4243 389 4294 nisi
405 4243 512 4293 omnino
527 4244 616 4306 gentis
628 4243 673 4294 bic
722 4249 773 4298 stri
784 4245 853 4297 enirn
865 4245 891 4294 in
901 4245 993 4294 eodem
1004 4237 1162 4292 suntluto.‘⁴
1180 4239 1262 4288 Wes-

132 4327 230 4364 nomen
246 4311 364 4377 intelligi
378 4313 491 4374 debeat,
512 4317 542 4363 ut
563 4329 625 4362 mox
645 4313 672 4362 in
723 4317 837 4378 selinp.
874 4316 906 4364 In
926 4327 979 4375 quo
993 4311 1044 4360 viri
1058 4307 1209 4359 doctissimi
1223 4308 1263 4358 iu-

132 4383 222 4432 verbis
233 4371 263 4431 ἔτι
273 4381 486 4447 moraremur.
496 4383 519 4442 Ι,
534 4382 592 4434 189.
600 4381 672 4446 ἳθῖ),
723 4385 796 4436 dicio
811 4384 883 4434 baud
906 4383 962 4434 scio
982 4397 1016 4431 nn
1030 4381 1066 4430 sit
1086 4379 1262 4444 acquiescen-

133 4467 222 4519 acqna
241 4467 275 4506 ao
290 4454 328 4514 V,
345 4451 394 4516 tu,
416 4453 464 4503 ubi
482 4443 513 4502 oi
528 4445 672 4518 Ἀρμένιοι.
724 4455 797 4518 dum,
809 4453 968 4520 praesertim
977 4467 1046 4515 eum,
1059 4451 1128 4502 bene
1137 4452 1263 4501 monento
