3038 4994
209 367 271 433 278
641 367 911 430 HERODOTI

210 547 243 625 ἐς
257 541 314 624 τὰς
329 541 456 623 πόλιας.
481 547 585 611 ταῦτα
601 542 638 612 δὲ
653 541 791 632 ποιῆσας
804 539 960 631 ἠπείγετο
976 544 1009 622 ἐς
1023 539 1081 611 τὸν
1090 535 1346 630 Ἑλλήσποντον.

205 644 262 727 Ὡς
277 647 315 716 δὲ
334 649 524 734 συνελέχθη
544 645 606 734 μὲν
625 653 733 734 χρῆμα
747 645 872 716 πολλὸν
886 652 991 730 νεῶν,
1018 650 1207 733 συνελέχθη
1230 646 1268 715 dl
1289 647 1346 714 καὶ

212 749 306 834 πεζὸς
320 753 443 830 πολλὸς
457 748 611 838 στρατὸς,
633 749 809 838 διαβάντες
822 755 896 838 τῇσι
910 751 1009 836 νηυσὶ
1030 747 1088 819 τὸν
1102 745 1347 837 Ἑλλήσποντον

213 853 414 940 ἐπορεύοντο
430 851 485 921 διὰ
504 857 561 940 τῆς
576 851 759 940 Εὐρώπης,
783 851 983 940 ἐπορεύοντο
1002 853 1038 921 δὲ
1058 856 1114 920 ἐπί
1125 879 1160 920 τε
1178 848 1348 940 Ἐρέτριαν

166 958 271 1028 taust
287 953 440 1045 Ἀθήνας.
481 946 588 1024 Arium
610 958 672 1045 μὶν
691 948 740 1026 civ
757 978 818 1044 σφι
838 955 1008 1043 πρόσχημα
1030 947 1115 1044 ἦσαν
1134 961 1194 1024 τοῦ
1213 956 1347 1024 στόλον.

214 1058 298 1146 ιἰτδρ
319 1062 356 1128 ἐν
376 1059 443 1152 νόῳ
465 1065 594 1146 ἔχοντες
615 1057 694 1139 ὅσας
715 1054 757 1128 ἂν
770 1067 925 1138 πλείστας
946 1059 1105 1128 δύναιντο
1120 1062 1344 1146 καταστρέφε-

212 1173 295 1233 σθαι
315 1167 384 1232 cciv
401 1159 604 1250 Ἐλληνίδων
625 1169 770 1248 πολίων,
796 1167 895 1231 τοῦτο
917 1162 979 1250 μὲν
1001 1161 1041 1249 δὴ
1062 1167 1137 1250 τῇσι
1155 1164 1253 1248 νηνσί
1277 1170 1344 1230 Θα-

213 1363 307 1416 uarius
331 1364 364 1415 de
382 1367 542 1427 argumento
563 1363 616 1412 loci
637 1361 677 1412 ita
697 1362 752 1412 dis·
802 1364 844 1413 ria
859 1363 980 1412 instituit
993 1364 1182 1428 sapienterque
1196 1363 1266 1428 egit,
1284 1378 1345 1414 cnm

213 1449 321 1485 serenas
345 1433 434 1495 „Dum
448 1433 532 1482 Persa
543 1431 703 1482 Mardonius
723 1433 751 1480 in
803 1433 870 1484 bene
884 1431 1077 1494 intellexisset,
1096 1432 1185 1482 odium
1205 1434 1232 1482 in
1245 1434 1344 1484 Persas

212 1503 292 1552 Ionia
310 1497 503 1564 δημοκρατίας
521 1497 638 1549 κατίστα
659 1493 686 1557 ἐς
702 1492 753 1557 τὰς
804 1518 821 1551 a
844 1502 957 1552 Graecis
976 1503 1104 1552 Asiaticis
1126 1504 1277 1552 coniectum
1298 1517 1344 1567 per

103 1619 108 1630 ,
213 1568 322 1632 πόλιας,
337 1569 425 1620 videri
436 1569 531 1619 debuit
540 1569 653 1621 Graecis
666 1586 698 1620 sa
710 1586 752 1619 res
804 1577 934 1636 tyrannos
954 1571 1035 1632 istos,
1054 1573 1101 1636 qui
1120 1587 1136 1620 a
1153 1572 1243 1621 Persis
1258 1574 1344 1636 impo-

213 1639 360 1690 secnnrlum
368 1637 535 1689 Herodotum
546 1638 753 1700 vixeredibilis3
804 1642 853 1690 siti
867 1642 1009 1690 Persarum
1028 1642 1136 1692 nornine
1155 1647 1280 1706 regerent
1298 1657 1344 1706 pu-

213 1709 277 1773 qnia
291 1723 369 1773 reges
385 1714 467 1772 atque
480 1709 594 1772 imperio
607 1709 692 1774 regali
707 1709 754 1758 sd·
804 1711 950 1775 polumque
961 1717 1122 1775 premerent,
1133 1711 1303 1774 potissimum
1317 1716 1345 1760 et

213 1779 286 1829 sueti
304 1777 460 1842 popularem
482 1778 621 1842 regiminis
639 1779 753 1828 sormam
805 1783 955 1830 excitatum
975 1785 1003 1829 et
1018 1787 1127 1828 aucium
1140 1795 1214 1830 csse:
1235 1780 1277 1828 his
1293 1781 1345 1844 igi-

212 1848 241 1896 in
254 1847 414 1897 civitatibus
428 1845 554 1897 libertate
567 1847 626 1897 usis
642 1850 682 1897 sio
698 1847 754 1912 ple·
805 1855 848 1898 tur
860 1849 974 1898 sublatis
993 1849 1068 1908 iore,
1089 1854 1119 1898 ut
1134 1850 1217 1898 animi
1227 1849 1344 1899 Graeco-

129 1967 132 1974 ,
212 1931 325 1982 rumque
336 1916 481 1967 voluerunt
494 1921 641 1978 mutatam,
659 1923 690 1966 nt
700 1915 754 1966 sal·
804 1935 862 1968 rum
879 1919 965 1982 magis
982 1933 1043 1968 oum
1060 1918 1149 1968 Persis
1167 1917 1343 1968 conciliaren-

213 1991 267 2036 tem
285 1999 368 2050 penes
391 2001 493 2050 pancos
511 1991 583 2036 esset
601 1987 753 2052 imperium,
804 1993 850 2038 tur
869 2003 955 2052 neque
974 1987 1008 2036 ad
1027 1987 1177 2037 seditiones
1201 1987 1344 2038 faciendas

212 2069 282 2120 quos
307 2055 380 2106 dictu
406 2055 516 2105 facilius
540 2055 754 2106 haberent'obe-
805 2058 922 2122 amplius
935 2057 1163 2118 sollicitarentur,
1185 2058 1344 2120 praesertim

213 2124 350 2175 dientes.“
374 2124 752 2190 Hoffmeisterl.snprslaud.
804 2143 864 2178 cum
886 2127 970 2176 libere
991 2142 1055 2176 suas
1081 2141 1123 2176 res
1152 2127 1343 2177 administrare

211 2191 752 2259 populariairnperiasoconsilioaMnr-
804 2201 925 2261 possent.
951 2196 1028 2256 Quod
1047 2195 1080 2244 ad
1093 2195 1261 2246 Herodotum
1279 2197 1344 2246 atti-

212 2263 294 2313 donio
308 2267 440 2314 revocata
452 2277 511 2314 asse
524 2263 687 2324 arbitratur,
699 2279 752 2328 qno
804 2271 865 2326 net,
886 2265 1008 2331 squidem
1029 2263 1100 2314 haud
1121 2265 1178 2315 seio
1195 2281 1230 2314 an
1253 2267 1280 2315 in
1300 2265 1343 2314 his

213 2333 379 2383 Graecorum
399 2333 452 2383 sibi
471 2332 631 2384 conciliaret
647 2335 752 2383 animos
804 2335 1001 2400 respiciendum
1020 2349 1127 2400 quoqne
1148 2335 1184 2384 sit
1202 2336 1234 2384 ad
1259 2337 1343 2400 ipsius

213 2417 313 2466 eosque
332 2402 368 2452 ad
384 2417 414 2453 se
429 2401 557 2453 alliceret.
587 2403 752 2453 Dubitanter
804 2405 936 2454 Herodoti
950 2405 1067 2453 animum
1082 2404 1206 2468 regimini
1220 2405 1344 2469 populari

212 2469 246 2521 de
259 2471 301 2522 his
317 2473 476 2536 pronuntiat
492 2472 633 2522 Duncker:
653 2471 751 2524 Gesch.
804 2473 923 2524 deditum
939 2473 983 2536 (de
999 2487 1051 2539 qno
1065 2474 1182 2523 diximus
1200 2475 1234 2523 ad
1247 2477 1285 2534 V,
1299 2474 1342 2525 ou.

212 2540 238 2589 d.
253 2539 369 2593 Alierth.
383 2541 428 2590 lV.
445 2542 578 2604 pugili,
593 2543 753 2602 praesertim
804 2541 848 2606 78)
870 2549 897 2592 et
913 2549 1089 2607 tyrannorum
1106 2543 1244 2607 imperium
1261 2543 1342 2594 valde

211 2623 272 2659 cnm
284 2611 311 2659 in
325 2609 486 2660 civitatibus
496 2609 632 2658 nonnullis
642 2610 754 2674 tyranni
804 2627 923 2673 exosum,
938 2611 1007 2661 adeo
1020 2617 1049 2661 ut
1058 2613 1182 2676 tyrannis
1194 2611 1278 2676 pulsis
1289 2613 1344 2662 sin.

212 2680 373 2727 manserint.
396 2677 513 2727 Aliunde
526 2679 617 2741 potins
630 2677 697 2728 haec
709 2695 753 2728 cx·
804 2681 883 2748 gulos
896 2681 969 2731 cives
984 2682 1086 2731 maiore
1098 2681 1225 2731 libertate
1243 2681 1270 2730 in
1286 2683 1343 2732 suis

211 2745 339 2808 plicando
351 2759 411 2796 esse
426 2746 554 2796 videntur
569 2746 675 2796 Plassio
688 2746 752 2811 (Dic
803 2753 884 2802 rebus
897 2750 1121 2799 administrandis
1136 2751 1176 2800 uti
1193 2750 1325 2801 crederet.

212 2814 333 2876 Tyrann.
348 2815 370 2864 1.
384 2829 409 2877 p.
422 2815 502 2877 325),
516 2815 562 2878 qui
576 2817 685 2866 minime
697 2832 753 2867 cre·
839 2821 932 2884 χρῆμα
945 2811 1062 2878 πολλὸν]
1078 2819 1139 2870 Vid.
1154 2819 1205 2880 Ill,
1222 2819 1279 2870 130.
1293 2823 1341 2884 lv,

212 2881 364 2932 ditPersas
379 2885 407 2932 in
422 2885 513 2933 animo
530 2884 657 2936 habuisse
670 2885 752 2936 Grae·
802 2891 846 2940 81.
884 2891 947 2938 llos
969 2903 1029 2938 cum
1046 2888 1341 2940 Gaisiord.eduobns

211 2965 304 3001 eornm
319 2953 424 3002 animos
436 2951 471 3001 ad
484 2969 513 3001 se
528 2961 695 3016 convertere,
710 2971 751 3016 eo,
803 2957 881 3011 codd.
893 2957 955 3007 dedi
966 2951 1069 3014 πολλὸς
1081 2953 1198 3018 στρατὸς
1212 2973 1260 3022 pro
1270 2959 1342 3024 vulg.

210 3020 282 3085 qnod
310 3022 437 3071 maiorem
470 3020 624 3073 libertatern
655 3025 752 3074 iisdem
803 3019 1340 3092 orputdcnoildq,quodrecentt.edtl.

211 3092 412 3144 concesserint:
441 3090 468 3139 id
489 3093 579 3156 potins
598 3101 751 3155 spectatum
802 3099 980 3148 retinuerunt.

213 3173 273 3209 esse
287 3161 439 3220 existimat,
454 3165 484 3210 ut
497 3177 529 3211 ne
540 3162 658 3226 amplius
668 3163 752 3212 Grae·
838 3157 922 3214 ἕπίτι
932 3155 1076 3228 Ἐρέτριαν
1089 3159 1136 3212 καί
1148 3154 1280 3230 Ἀθήνας]
1298 3168 1341 3216 Τιι

212 3243 305 3278 corum
314 3231 479 3280 exsisterent
487 3232 615 3282 civitates
623 3235 680 3283 suis
690 3234 753 3283 iuri·
801 3234 857 3286 vid.
873 3236 911 3296 V,
926 3235 968 3284 1111.
1000 3235 1121 3298 Namque
1141 3233 1193 3285 hae
1212 3235 1341 3287 civitates

210 3297 262 3347 bus
275 3302 382 3349 utentes
393 3305 421 3350 et
434 3315 510 3350 sunm
524 3302 691 3366 praelectum
704 3303 752 3351 ha·
801 3305 979 3370 Aristagorae
1004 3304 1170 3368 lenibusque
1195 3305 1341 3356 rebellibus

210 3365 318 3429 benten,
335 3369 382 3419 sed
394 3373 425 3420 ut
435 3369 528 3421 codem
539 3371 632 3433 modo,
647 3387 701 3438 quo
711 3387 751 3422 re·
802 3375 935 3424 auxilium
950 3373 1089 3424 miserant.

210 3435 278 3500 liqui
289 3436 419 3500 homiues,
431 3441 522 3489 Persis
532 3441 635 3491 subditi
645 3446 749 3492 essent:

211 3505 751 3567 „siesollteniiberallkeinebesondere
980 3545 1036 3595 cn
1066 3543 1154 3596 XLIV

210 3577 337 3635 Straton,
355 3575 413 3626 also
433 3577 594 3630 auchnicht
615 3586 694 3631 unter
713 3581 750 3630 ei·
1040 3581 1046 3595 '
1156 3582 1161 3594 ¹

210 3659 296 3708 genen
313 3643 458 3705 Vassllen,
487 3649 603 3698 sondern
628 3667 678 3699 nur
697 3649 749 3699 Ge·
842 3639 993 3712 πρύσχημα
1014 3633 1098 3714 ἦσαν]
1119 3647 1269 3710 Coni.1V‚
1292 3649 1339 3698 1117

211 3714 334 3763 meinden
360 3729 413 3764 ron
436 3715 623 3767 Uuterthanen
648 3719 750 3776 bilden‚
801 3718 892 3781 ibique
914 3723 982 3768 nott.
1002 3707 1077 3780 ἦσαν
1098 3717 1161 3768 dedi
1190 3733 1238 3781 pro
1264 3712 1341 3778 ἔσαν,

210 3782 295 3832 denen
317 3783 443 3847 librigens
464 3785 533 3836 nach
551 3787 750 3850 morgenliinrli-
801 3791 832 3836 ut
844 3787 961 3851 saepius.
985 3787 1024 3836 Ad
1039 3801 1112 3852 seqq.
1128 3786 1212 3837 verbs
1226 3773 1294 3842 ὅσας
1305 3773 1342 3834 εἶν

210 3851 386 3902 scherWeise
397 3867 449 3902 von
462 3853 520 3902 dem
531 3855 604 3905 alten
618 3857 749 3906 Her-kom-
800 3855 931 3914 πλείστας
953 3853 1090 3905 δύναιντο
1117 3857 1189 3906 coni.
1214 3856 1342 3906 Kuelmer

210 3921 749 3986 menBcobachtunpdcssen,wasniclrt
801 3927 846 3977 Gr.
870 3926 913 3977 Gr.
938 3929 962 3989 5.
981 3927 1040 3977 831.
1059 3928 1147 3974 noti
1173 3929 1201 3974 et
1218 3925 1341 3975 Galles-

209 3991 342 4056 geradezu
358 3990 410 4040 deu
423 3991 572 4042 Absichtcn
587 3994 635 4044 der
648 3995 749 4045 Erebe·
801 4011 893 4044 mann:
915 3996 1034 4060 Opuscc.
1048 3995 1094 4043 1v.
1108 4011 1134 4058 p.
1151 3995 1209 4046 151.
1241 3995 1339 4044 Moneo

209 4077 253 4110 τοι
270 4065 402 4125 entgegen
423 4075 497 4122 war,
516 4068 664 4114 verstattct
680 4081 749 4114 wur-
800 4065 859 4126 hoc,
873 4079 933 4114 cum
946 4065 1000 4114 duo
1011 4063 1089 4114 codd.
1101 4065 1218 4114 afferant
1233 4059 1341 4114 δύνων-

211 4130 280 4180 ι1ο.“
318 4127 483 4191 Quodnisi
510 4130 582 4182 lraud
610 4136 748 4197 persuasit
799 4149 923 4190 ται,οεο
936 4134 1039 4192 desint,
1058 4133 1103 4197 qni
1121 4133 1148 4182 id
1166 4133 1192 4182 ln
1205 4134 1339 4183 Herodoti

209 4199 345 4250 Plancius:
364 4199 450 4262 magis
468 4199 571 4250 arridet
585 4203 674 4252 Grotii
688 4218 748 4252 sen·
798 4204 889 4253 uerbis
900 4219 1030 4268 reponere
1040 4201 1135 4260 velint,
1149 4202 1215 4252 licet
1225 4204 1252 4252 in
1263 4209 1339 4266 opta-

210 4268 433 4332 tentiafflistory
443 4267 473 4317 oi
481 4269 582 4321 Graece
593 4271 638 4320 iv.
651 4269 747 4335 p.i2l)
799 4273 870 4324 tivo.
884 4272 979 4322 addittt
991 4269 1089 4322 rocrrlu
1102 4261 1152 4334 siv,
1173 4271 1199 4320 h.
1212 4271 1230 4321 l.
1246 4287 1279 4320 ea
1296 4273 1338 4320 vis

209 4337 379 4387 Mardonium
390 4337 543 4401 laudantis,
556 4341 602 4404 qni
613 4342 662 4402 iis,
677 4355 747 4405 quae
798 4341 873 4402 insit,
887 4355 967 4405 qnam
979 4341 1154 4403 potentialem
1167 4341 1270 4390 dicunt.
1295 4342 1338 4389 'l'u

208 4403 296 4455 adhuc
311 4421 328 4456 a
338 4407 430 4458 Persis
441 4407 515 4458 lecta
529 4413 620 4474 erant,
639 4415 747 4460 contra·
798 4409 961 4459 conl.etiam
969 4409 1336 4464 Baenmleincllrieclrdlod.

585 4664 630 4671 ᾳ
