3002 4972
206 329 265 396 186
636 329 904 396 HERODOTI

200 510 246 597 τῷ
261 503 417 594 Μιλήτου
437 503 609 600 τυρύυυρτ,
633 512 745 601 πολλῷ
760 513 807 576 ἔτι
828 509 959 594 ἐγένετο
973 509 1135 588 Κυψέλου
1148 511 1336 598 μιαιφονού-

199 637 304 698 τερος.
337 613 469 698 ττέμψοες
492 607 554 696 γὰρ
579 608 669 698 παρὰ
691 611 933 699 Θρασύβουλον
959 610 1089 700 κήρυκα
1111 614 1334 699 ἐπυνθάνετο,

199 709 315 784 ὅντινα
329 709 371 782 ἂν
386 713 510 802 τρόπον
531 710 781 800 ἀσφαλέστατον
794 713 1081 802 καταστησάμενος
1096 721 1164 784 τῶν
1182 717 1334 807 πρηγμά-

199 845 269 886 των
294 817 453 886 κύλλιστα
473 814 534 904 τὴν
555 817 655 886 πόλιν
681 817 902 906 ἐπιτροπεύοι.
949 818 1187 906 Θρασύβουλος
1210 821 1248 889 δὲ
1268 819 1388 891 advers

200 920 342 991 ἐλθόντα
358 917 447 1009 παρὰ
460 925 519 988 τοῦ
532 921 747 1010 Περιάνδρου
761 925 856 1010 ἐξῆγε
872 925 933 1004 ἔξω
947 927 1007 990 τού
1021 919 1153 1002 ἄστεος·
1182 922 1281 1012 ἐσβὰς
1295 924 1333 993 δὲ

200 1121 319 1174 Sosicles
338 1122 372 1184 ἀρ
383 1122 530 1172 Periandro
546 1124 619 1171 recte
637 1121 740 1174 indica·
789 1137 842 1188 quo
857 1119 954 1171 duetus
965 1121 1028 1183 luit,
1037 1121 1174 1174 libertatis
1184 1124 1275 1174 studio
1289 1129 1332 1190 ty-

130 1227 133 1234 »
198 1185 739 1256 verit,hocaccuratinspersinguladis·
789 1206 989 1254 rannorumqne
1013 1191 1094 1254 odio,
1117 1208 1211 1244 revera
1233 1193 1332 1244 fuisset

198 1263 329 1326 quiritO.
343 1264 472 1327 Wagner.
493 1263 522 1310 in
542 1262 689 1324 scriptione
705 1262 738 1311 de
789 1275 864 1314 usus
895 1261 1026 1326 Equidem
1043 1263 1205 1312 certemus
1222 1265 1332 1328 acquie-

197 1333 347 1384 Periandro
360 1347 421 1396 pag.
441 1331 471 1382 13
485 1345 559 1396 seqq.
582 1329 644 1380 coll.
658 1329 688 1379 G.
703 1329 736 1382 0.
789 1345 864 1380 scere
874 1330 974 1392 malim,
989 1345 1058 1394 quae
1066 1331 1213 1382 Muellerus
1226 1337 1253 1382 et
1262 1333 1331 1382 Kor-

197 1403 321 1452 Mueller.
336 1403 400 1450 Dor.
411 1401 433 1451 l.
447 1415 509 1465 pag.
523 1399 570 1450 1o5
581 1414 655 1463 seqq.
677 1399 737 1459 Quo
789 1403 855 1450 tiim.
874 1398 961 1450 dehis
974 1405 1049 1450 recte
1063 1415 1178 1465 vereque
1192 1401 1329 1453 iudicasse

197 1471 287 1521 iudice
302 1470 450 1520 Periander
465 1483 530 1519 sane
554 1484 586 1517 ea
606 1469 736 1532 institnit,
788 1469 925 1526 videntur,
935 1483 1021 1533 neque
1033 1483 1075 1518 me
1089 1474 1179 1520 moret
1187 1471 1328 1521 Plutarchi

198 1554 267 1605 quae
280 1553 391 1604 regnum
407 1540 472 1587 mite
486 1541 513 1587 et
526 1539 736 1602 sapientissimis
787 1538 938 1589 auctoritas
950 1537 1036 1603 (Sept.
1047 1553 1124 1603 capp.
1141 1542 1248 1590 conviv.
1264 1557 1327 1605 pag.

198 1609 320 1659 consiliis
330 1608 546 1658 administratum
555 1608 736 1671 produnt,im-
790 1609 837 1658 147
847 1605 889 1670 0),
905 1609 951 1671 qui
965 1623 1011 1671 pro
1028 1607 1143 1658 oonsilio
1156 1625 1205 1660 suo
1215 1611 1328 1661 Perian-

197 1680 357 1728 muuitatem
372 1678 432 1727 dico
451 1677 614 1727 tributorum
629 1678 735 1728 civibus
787 1678 830 1727 dri
842 1677 1014 1742 tyrannidem
1026 1693 1155 1729 excusare
1173 1680 1279 1740 studet3
1297 1685 1328 1730 tu

197 1763 369 1806 concessam,
383 1747 516 1796 luxuriam
535 1747 661 1796 ditiorum
681 1747 736 1796 edi·
786 1745 857 1796 ceni.
877 1747 911 1796 ad
932 1746 959 1796 h.
979 1747 996 1797 l.
1012 1747 1217 1811 Wyttenbachii
1234 1749 1327 1799 Anim-

196 1819 249 1867 ctis
263 1818 424 1879 coercitam,
439 1816 493 1865 alia
510 1815 537 1865 id
552 1831 637 1881 genus
651 1817 687 1866 ad
699 1819 735 1866 ci·
787 1817 906 1866 adversa.
921 1832 983 1882 pag.
998 1817 1059 1867 918.

196 1889 293 1938 vitatis
312 1889 403 1938 florem
422 1901 502 1950 quam
522 1887 637 1936 maxime
652 1888 734 1950 perti-

196 1961 303 2008 nentia:
319 1956 390 2006 unda
401 1955 514 2016 factum,
522 1961 553 2005 nt
564 1955 611 2005 illo
621 1972 735 2022 regnan-

196 2032 223 2078 te
242 2029 277 2078 ad
296 2041 426 2078 summum
442 2025 515 2076 floris
528 2025 669 2090 fastigium
683 2025 735 2076 Co-

194 2097 277 2146 rinthi
291 2113 333 2148 res
351 2095 506 2162 pervenisse
520 2096 656 2160 putandae
669 2095 731 2145 sint.

196 2167 249 2228 Qui
262 2167 332 2216 idem
345 2173 435 2216 tamen
449 2181 501 2230 quo
514 2180 556 2216 res
568 2181 633 2216 suas
644 2171 733 2216 tuere·

195 2241 240 2285 tur
254 2237 479 2302 tyrannidemque
493 2241 630 2298 servaret,
645 2235 679 2285 ab
694 2237 734 2286 in-

193 2305 264 2356 iuria
283 2305 467 2369 violentiaque
484 2320 538 2355 non
555 2320 665 2370 prorsus
685 2307 732 2356 ab·

192 2373 329 2428 horruisse
341 2377 449 2427 videtur
460 2379 499 2436 et,
517 2390 586 2438 cum,
601 2375 731 2440 quidquid

191 2446 244 2495 sibi
258 2447 392 2509 libuisset,
407 2449 557 2510 perageret,
570 2447 731 2508 praesertim

191 2516 226 2564 ab
238 2533 270 2566 eo
286 2517 349 2566 inde
363 2521 493 2578 tempore,
507 2529 559 2578 quo
573 2514 730 2565 domesticis

107 2605 110 2610 ·
191 2584 395 2635 calamitatibus
407 2598 517 2647 pressus
531 2587 587 2644 est,
604 2581 731 2632 crudelis-

191 2656 275 2703 simus
289 2671 350 2704 mox
363 2652 470 2702 exstitit
480 2657 621 2715 tyrannus,
636 2653 680 2714 qui
690 2667 730 2700 re-

189 2723 236 2784 gni
250 2724 367 2786 speciem
382 2723 410 2770 in
425 2719 572 2770 terribilem
593 2721 730 2770 convertit

189 2792 342 2852 tyrannidis
364 2791 485 2838 formam.
513 2790 604 2853 Aque
627 2789 729 2840 iudicio

189 2857 261 2907 hand
277 2860 359 2908 terme
370 2857 514 2908 discedunt
526 2871 566 2914 ea,
580 2872 650 2921 quae
662 2860 728 2908 Kor-

189 2929 243 2976 tiim
258 2927 365 2978 Griech.
380 2925 543 2978 Gesehiohte
557 2928 579 2976 Ι.
597 2942 660 2990 pag.
677 2930 727 2980 215

188 3011 245 3060 seq.
261 2997 293 3047 de
305 2997 356 3047 hoe
369 2999 444 3058 viro,
464 2999 580 3059 tyranno
593 3011 680 3060 aeque
694 3015 727 3049 ac

187 3067 321 3130 sapiente,
332 3065 472 3124 iudicavit,
482 3079 560 3128 quem
572 3065 605 3114 ob
616 3067 724 3116 nimiam

187 3135 294 3199 imperii
312 3141 340 3186 et
360 3135 498 3201 potentiae
521 3135 673 3198 cupidinem
691 3139 725 3187 ad

186 3220 272 3269 prava
285 3221 408 3271 quaeque
421 3204 541 3270 adeoque
552 3203 672 3256 crudelia
686 3207 725 3256 ia-

185 3275 279 3324 cinera
300 3275 456 3338 perductum
482 3289 541 3325 esse
564 3275 635 3325 idem
657 3277 725 3325 Kor-

185 3346 249 3392 tiim.
264 3346 371 3395 statuit.
400 3346 495 3394 Mitius
509 3359 616 3410 quoque
630 3345 662 3396 de
674 3346 725 3396 Pe-

184 3413 295 3464 riandro
320 3415 449 3465 iudicium
472 3415 537 3464 tulit
553 3415 645 3465 Plass:
671 3417 725 3466 Dis

184 3484 320 3546 Tyrannis
337 3485 357 3533 1.
378 3499 438 3548 pag.
461 3485 509 3534 157
528 3501 584 3550 seq.
604 3486 724 3550 itemque

183 3553 325 3602 Dunelrer:
344 3553 441 3604 (iesch.
455 3554 480 3607 d.
497 3554 614 3605 Alterth.
633 3555 680 3607 lv.
695 3572 722 3620 p.

185 3623 216 3672 17
227 3637 283 3687 seq.
295 3623 342 3672 29:
357 3639 424 3688 quos
434 3623 601 3682 claudimus,
614 3625 723 3675 inPeri·

183 3691 268 3741 andro
281 3697 354 3744 recte
372 3692 546 3743 diiudicando
558 3693 631 3742 haud
647 3709 723 3758 prae-

182 3763 401 3824 termittendum,
417 3763 489 3826 qnod
510 3777 580 3826 quae
600 3763 633 3812 de
648 3764 722 3813 Peri-

181 3832 260 3882 andri
272 3833 434 3884 orudelitate
456 3837 484 3882 st
502 3832 620 3882 saevitia
643 3847 720 3885 acce-

181 3903 270 3966 pimus
284 3903 394 3962 tradita,
405 3902 549 3951 traduntur
559 3901 615 3950 fere
630 3901 664 3950 ab
676 3903 719 3965 iis,

181 3973 229 4034 qul
239 3973 301 4022 odio
312 3973 340 4021 in
351 3973 520 4035 tyrannidem
534 3971 651 4020 maximo
664 3971 721 4022 lue-

180 4043 235 4091 rint
254 4041 344 4103 ducti3
362 4057 447 4104 neque
465 4057 531 4091 sene
542 4041 720 4090 Perianrlrum

179 4125 196 4158 a
213 4111 312 4162 Solone
328 4115 355 4162 et
363 4111 472 4161 Pittaco
486 4111 621 4161 adscitum
635 4110 721 4160 inisse

180 4180 312 4230 arbitrum
347 4185 428 4246 atque
458 4182 486 4230 in
511 4181 599 4244 ipsum
628 4180 719 4230 decern

181 4251 339 4334 sapientum·
356 4265 492 4300 nnmerum
508 4254 645 4313 receptum
664 4249 718 4298 eri-

178 4316 300 4378 stimant,
316 4321 340 4368 si
351 4325 431 4370 tanta
442 4319 603 4369 crudelitate
611 4333 718 4383 ,qu-an

179 4388 236 4434 tam
253 4385 294 4436 illi
314 4389 412 4439 tribuit
427 4388 582 4441 Herodotus
605 4403 654 4494 pro
674 4403 715 4448 eo,

821 1879 898 1948 παρὰ
914 1882 1118 1952 Θρασύβουλον
1134 1878 1254 1952 κήρυκα]
1284 1888 1327 1938 De

786 1954 959 2020 Thrasybulo
972 1965 1055 2020 atque
1070 1955 1219 2005 Periandro
1235 1955 1328 2022 hospi·

786 2026 824 2075 tio
837 2027 936 2075 iunctis
956 2025 992 2075 ci.
1010 2023 1092 2088 1,20.
1109 2051 1143 2060 -
1156 2025 1197 2075 Ad
1213 2026 1267 2076 loci
1284 2043 1326 2076 ar·

784 2101 940 2160 grimentum
952 2095 1021 2144 haec
1035 2095 1064 2143 Ο.
1080 2094 1207 2159 Wagner.
1222 2094 1240 2145 l.
1257 2095 1274 2145 l.
1296 2112 1323 2161 p.

787 2165 827 2216 18.
844 2169 901 2215 not.
916 2164 965 2215 63:
993 2165 1096 2227 „Hanc
1109 2165 1242 2213 Herodoti
1262 2181 1325 2215 nar-

784 2235 916 2285 rationem
935 2235 1031 2284 Livius
1052 2233 1080 2298 1,
1102 2233 1136 2283 54
1158 2234 1193 2282 ad
1212 2235 1324 2286 Sextum

784 2305 961 2368 Tarquinium
986 2307 1014 2353 et
1030 2302 1151 2352 Gabinos
1171 2305 1322 2358 transtulit.

784 2375 826 2424 Ct.
841 2373 972 2423 Niebuhr.
980 2374 1073 2424 Roem.
1082 2372 1179 2423 Geseh.
1189 2373 1213 2422 1.
1223 2389 1249 2440 p.
1261 2374 1322 2425 513.

782 2443 843 2494 536.
869 2443 1019 2506 Utramque
1031 2441 1179 2506 Dionysius
1192 2443 1255 2492 Hal.
1270 2446 1323 2492 An-

782 2514 849 2578 tiqq.
862 2514 967 2561 itomrn.
978 2513 1025 2576 IV,
1036 2511 1069 2560 hil
1082 2512 1201 2575 repetiit,
1215 2518 1242 2564 et
1252 2525 1322 2576 qrrae

781 2581 899 2646 epistola
915 2581 986 2645 apud
997 2581 1076 2646 Diog.
1093 2583 1115 2640 1,
1131 2581 1180 2630 loo
1193 2579 1251 2646 [ubi
1265 2583 1321 2632 rid.

781 2649 902 2718 Meurig]
922 2651 1035 2716 legitur,
1056 2649 1124 2700 haec
1143 2665 1175 2700 ex
1189 2651 1321 2701 Herodoti

780 2721 873 2770 verbis
893 2719 1012 2769 conficta
1027 2734 1087 2769 esse
1102 2719 1219 2774 videtur.
1252 2721 1320 2770 Con-

780 2790 869 2841 silium
889 2791 990 2854 ipsum,
1010 2789 1080 2852 quod
1100 2788 1199 2839 Thales
1218 2792 1247 2839 in
1259 2790 1321 2840 Plu·

780 2859 866 2912 tarch.
889 2857 1002 2909 Conriv.
1021 2873 1081 2923 pag.
1107 2858 1182 2908 1470
1208 2859 1320 2909 Perian-

779 2930 827 2978 dro
849 2925 1037 2994 displicuisse,
1057 2928 1219 2978 Aristoteles
1232 2928 1316 2980 Polit.

777 2999 837 3059 Ill,
853 2999 894 3048 ll.
908 3000 947 3058 V,
964 2999 995 3048 10
1011 2996 1079 3062 [lll,
1093 2995 1124 3056 8,
1140 2997 1155 3047 3
1170 2997 1230 3048 coll.
1245 2999 1277 3060 V,
1291 2999 1317 3062 8,

778 3067 804 3132 7]
827 3084 843 3116 a
862 3067 1012 3118 Periandro
1031 3066 1201 3131 Thrasybulo
1224 3067 1317 3117 datum

778 3152 837 3186 esse
869 3137 969 3198 tradit,
1002 3135 1161 3199 Apollonius
1189 3137 1317 3200 Tyaneus

777 3203 923 3271 (Philostr.
938 3207 970 3256 V.
986 3204 1074 3270 Apoll.
1089 3206 1128 3269 V,
1141 3205 1190 3272 36)
1206 3207 1317 3256 damua-

776 3277 817 3325 vit
846 3276 1008 3340 poeticaque
1038 3277 1173 3337 expressit
1190 3275 1315 3341 Euripid.

776 3343 869 3410 Suppl.
885 3343 936 3394 445
950 3344 1045 3409 seqq.“
1070 3345 1200 3394 Duncker
1216 3345 1266 3398 1.1.
1288 3363 1314 3410 p.

779 3415 809 3464 18
824 3415 1016 3464 auctoritatem
1023 3413 1157 3464 Herodoti
1166 3415 1316 3464 Periandro

775 3483 803 3532 id
822 3483 965 3533 consilium
990 3499 1007 3532 a
1024 3483 1195 3547 Thrasybulo
1221 3484 1314 3534 datum

775 3568 835 3603 esse
849 3553 987 3601 narrantis
1001 3555 1129 3616 postponi
1141 3554 1201 3604 vult
1210 3555 1316 3604 Aristo·

775 3621 837 3684 teli,
851 3623 896 3687 qui
910 3622 928 3672 l.
943 3621 960 3671 l.
974 3621 1145 3685 Thrasybulo
1163 3623 1190 3672 id
1203 3625 1316 3674 Perian-

773 3693 849 3740 drum
865 3693 985 3742 suasisse
997 3691 1090 3754 tradit,
1099 3708 1160 3742 cnm
1166 3694 1314 3743 Periander

771 3762 832 3826 ipse
844 3765 900 3810 tam
915 3763 1025 3825 sapiens
1038 3761 1137 3824 luerit,
1153 3767 1184 3810 ut
1200 3761 1313 3814 alterius

772 3832 886 3881 consilio
900 3830 973 3881 haud
987 3831 1143 3894 indiguerit,
1155 3831 1313 3896 Thrasybu-

771 3900 813 3950 lus
832 3908 937 3961 aretem,
955 3903 1000 3965 qui
1020 3915 1113 3950 recens
1133 3901 1167 3950 nd
1190 3903 1312 3964 tyranni-

771 3971 831 4019 dem
844 3975 955 4020 eveetus
965 3970 1064 4029 fuerit,
1080 3969 1234 4020 huiusmodi
1247 3986 1311 4021 con·

772 4039 833 4088 silio
854 4041 945 4103 potius
964 4040 1070 4102 eguerit
1091 4040 1125 4088 ud
1151 4039 1309 4090 firmandam

770 4109 942 4173 tyrannidem
962 4123 1056 4160 recens
1081 4115 1197 4173 partam.
1233 4111 1309 4170 erae

770 4193 832 4228 num
852 4178 991 4228 sufficiant
1017 4179 1052 4228 ad
1070 4178 1204 4228 Herodoti
1227 4183 1310 4244 atque

769 4247 883 4297 aliorum
897 4247 966 4297 idem
979 4249 1145 4298 narrantium
1162 4247 1241 4298 fidem
1258 4249 1309 4298 tol·

768 4315 873 4367 leudam
878 4316 1019 4396 ,equidem
1029 4317 1308 4373 haudaflirnravarim

813 4376 913 4438 ύυτιυα
933 4401 970 4434 av
995 4377 1151 4448 τρόπου-
1174 4379 1308 4437 κάλλιστα
