2994 4980
200 339 262 408 652

632 345 899 408 Huuooo'm

254 513 306 588 od
320 514 461 588 δύναται
476 517 612 599 Παλλὰς
627 516 684 588 Δί’
703 516 886 610 Ὀλύμπιον
899 517 1131 607 ἐξιλάσασθαι,

245 607 428 709 λισσομένη
444 631 595 692 ιιολλοτσι
610 621 720 710 λόγοις
734 626 789 693 καὶ
802 623 915 714 μήτιδι
931 623 1054 714 σι’νκνῇ.

251 727 302 794 σοὶ
318 725 355 794 δὲ
369 721 438 794 τόδ’
457 717 550 806 αὖτις
566 732 644 807 ἔπος
658 729 757 814 έρέω,
771 724 1131 816 ἀδάμαντιτιελάσσας·

250 833 318 896 τῶν
333 826 445 897 ἄλλων
460 827 522 918 γὰρ
538 825 784 920 ἁλισκομένων,
799 827 859 900 ὅσα
873 832 1047 918 Κέκροπος
1060 819 1160 915 οὖρος

199 987 202 995 ⁴
234 984 277 1042 023
287 987 418 1058 δύναται]
433 995 567 1059 Exagitet
580 995 631 1046 hoe
643 1011 738 1045 oracu-

198 1061 253 1112 lum
273 1063 427 1113 Oenomaus
446 1065 520 1129 apud
537 1065 738 1118 lluseb..Prae·

200 1147 257 1196 par.
270 1135 319 1182 Er.
335 1135 367 1196 V,
381 1135 425 1196 24,
439 1137 594 1198 tractatque
603 1134 738 1184 Aristides

199 1201 227 1251 iu
245 1201 358 1266 Apolog.
373 1218 421 1266 pro
435 1202 567 1253 'Phemist
585 1202 634 1252 ΙΙΙ.
651 1219 676 1267 p.
687 1203 738 1254 346

199 1286 312 1322 exorsus
329 1287 346 1320 a
364 1271 454 1321 verbis
469 1273 560 1335 τεῖχος
577 1270 742 1335 Τριτογενεῖ

198 1355 224 1390 ιι.
238 1355 261 1392 τ.
275 1340 298 1388 λ.
314 1339 374 1390 coll.
389 1339 480 1391 Schol.
493 1357 520 1406 p.
535 1341 583 1391 '251
600 1341 631 1391 erl
646 1343 738 1390 From-

199 1409 259 1460 mel.
285 1409 371 1458 Affert
391 1425 497 1474 quoque
514 1409 603 1460 Schol.
625 1411 660 1460 ud
676 1411 737 1458 Ari-

198 1477 286 1542 stoph.
301 1479 369 1543 qu.
383 1478 458 1529 1037.
471 1505 502 1515 -
518 1481 631 1529 Versum
642 1493 738 1529 secun-

198 1547 261 1596 dum
277 1542 426 1610 λισσομένη
436 1546 565 1596 πολλοῖσι
580 1541 675 1611 λόγοις
689 1542 737 1594 καλ

197 1610 294 1678 μήτιδι
313 1613 408 1682 πυκνῇ
422 1615 456 1665 ad
473 1616 617 1667 Homerica
630 1632 738 1682 expres·

197 1700 256 1734 sum
267 1699 341 1747 esse,
357 1685 401 1736 vel
411 1684 535 1750 singulae
546 1701 626 1738 voces
637 1687 738 1737 Home-

197 1755 270 1804 ricae
286 1755 354 1804 satis
366 1754 514 1806 declarant.
544 1756 585 1806 De
596 1761 737 1821 argumen-

197 1829 225 1872 to
243 1822 311 1888 ipso'
321 1825 344 1873 i
364 1840 494 1890 quaeras,
521 1817 634 1883 liuticis
654 1825 736 1874 Athe·

197 1907 292 1942 narum
304 1898 346 1942 est
359 1895 410 1944 dea
441 1894 565 1944 omnibus
580 1895 668 1945 media
681 1894 736 1945 eni-

197 1967 257 2013 tens
272 1962 418 2030 lovemque
431 1964 557 2028 precans,
575 1969 606 2014 ut
620 1964 683 2014 urbs
696 1965 737 2028 ip-

196 2032 253 2082 sius
269 2033 372 2084 tutelas
388 2035 533 2084 commissa
551 2038 674 2096 servetur
695 2034 735 2082 in-

196 2105 274 2166 tegra
285 2117 335 2152 nec
344 2103 457 2154 aPersis
467 2108 604 2164 vastetur;
619 2104 666 2154 sed
681 2103 736 2152 iru-

139 2167 144 2174 “
197 2178 255 2221 stra
271 2171 343 2237 agit,
362 2172 386 2222 si
401 2173 508 2237 quidem
528 2174 637 2223 inlatis
656 2173 736 2222 aliter

195 2240 237 2289 ita
245 2241 382 2292 decretum
397 2246 452 2291 est:
469 2243 563 2308 itaque
573 2241 735 2307 lovem(quo

197 2311 256 2374 ipso
266 2311 353 2360 istum
364 2311 543 2375 irreparabile
553 2318 636 2377 atquo
650 2312 735 2362 inevi-

195 2380 278 2430 tabile
298 2380 445 2446 significari
465 2385 530 2445 pute
550 2397 662 2446 eamque
680 2381 735 2431 vim

195 2449 333 2511 divinum,
354 2465 423 2515 quae
438 2452 528 2499 omnia
547 2451 580 2501 ab
596 2451 675 2500 initio
695 2451 735 2500 ita

195 2521 354 2582 constituit,
374 2525 404 2569 ut
422 2519 488 2568 liant
503 2536 615 2570 necesse
632 2521 669 2568 sit
688 2535 734 2568 ne-

195 2602 247 2652 que
272 2588 419 2638 ullomodo
441 2593 531 2638 averti
556 2596 604 2638 aut
627 2589 734 2639 deflecti

194 2659 313 2723 possint)
336 2656 462 2722 precibus
490 2663 598 2708 movere
623 2659 734 2722 eiuaque

194 2726 261 2775 iram
283 2726 409 2791 mitigare
430 2729 540 2788 nequit,
562 2727 641 2790 quia,
664 2741 734 2790 quas

789 995 972 1050 I.Ovcrbeel1.
990 997 1031 1044 iu:
1048 988 1334 1053 Kunstarcbaeologg.

788 1069 908 1118 Vorlssa.
922 1059 1197 1130 (Brannschw.1853)
1210 1073 1274 1124 pag.
1286 1061 1332 1108 48.

856 1127 999 1198 ἀδάμαντι
1034 1124 1190 1193 πελάσσας]
1241 1129 1331 1179 Recte

788 1204 1074 1270 Schweighaeuserus:
1109 1200 1263 1262 ‚adamanti
1282 1197 1332 1244 ad-

786 1277 959 1338 propinquare
970 1274 1070 1336 faciens
1089 1264 1261 1335 [admovens]
1282 1265 1331 1314 tce

787 1345 900 1404 verdum,
913 1344 931 1392 i.
946 1358 968 1391 e.
980 1341 1110 1392 adamanti
1120 1339 1198 1388 simite
1207 1336 1329 1396 reddens,

787 1415 930 1464 adamantis
941 1416 965 1462 ιἰι
981 1411 1074 1459 modum
1087 1407 1149 1457 illud
1156 1405 1289 1469 firmans,“
1304 1405 1329 1452 ai

788 1481 896 1546 quidem
913 1475 1051 1536 πελάσσας
1070 1477 1106 1528 ad
1117 1475 1270 1542 Apollinem
1285 1489 1327 1522 re·

786 1551 874 1601 lentur
885 1551 1082 1602 vaticinantem
1097 1551 1125 1597 et
1137 1545 1188 1596 hoc
1202 1545 1327 1594 edentem

787 1621 941 1682 orsesium,
969 1617 1039 1684 quod
1065 1616 1168 1666 firmum
1187 1629 1247 1665 essa
1266 1611 1327 1662 vult

787 1690 940 1740 adamantis
961 1689 996 1737 ad
1016 1689 1112 1736 inatar.
1152 1684 1231 1734 Unde
1257 1683 1327 1731 bena

786 1757 1047 1822 reddiditlsangius:
1064 1754 1153 1818 „doelr
1164 1753 1205 1802 dir
1215 1752 1272 1816 aag’
1281 1749 1325 1799 icb

786 1829 830 1880 ein
839 1828 952 1878 anderes
961 1827 1048 1888 Wort‚
1057 1828 1104 1876 wie
1112 1823 1187 1872 Eisen
1198 1823 1248 1871 und
1253 1820 1328 1870 Stobi

783 1900 868 1960 fest.“
902 1899 998 1960 ltaque
1017 1894 1123 1959 egregie
1137 1892 1241 1942 fallitur
1256 1891 1325 1940 Lar·

785 1967 880 2018 cherua
890 1965 973 2016 scribi
983 1964 1078 2014 iubens
1092 1957 1243 2022 aetolorum,
1252 1957 1324 2024 quod

787 2036 823 2087 nd
835 2030 903 2092 έπος
921 2035 1072 2101 pertineat,
1087 2031 1156 2082 bene
1168 2029 1324 2094 caeteroqui

785 2121 885 2156 memor
899 2103 1035 2155 Homerici
1052 2102 1135 2151 dieti:
1156 2091 1216 2148 ἀλλ’
1234 2093 1265 2147 fr
1278 2111 1323 2145 τοι

785 2168 866 2238 έρέιο,
882 2165 947 2224 τόδε
961 2167 1009 2220 καὶ
1026 2167 1186 2220 τετελέσθαι
1201 2160 1253 2218 ὀΐω
1267 2167 1323 2229 tlli.

786 2247 814 2309 1,
835 2245 907 2308 204).
945 2245 984 2293 Ac
1010 2241 1053 2292 vel
1077 2240 1164 2305 magis
1183 2241 1324 2290 aberrasse

786 2312 937 2364 cnsendua
957 2315 1013 2373 est,
1041 2311 1086 2374 qui
1111 2304 1252 2373 ἀδάμαντι
1274 2319 1324 2354 κε-

785 2379 875 2448 διίσας
897 2380 934 2444 (i.·
948 2397 971 2432 e.
996 2381 1125 2429 odornontr'
1141 2395 1164 2431 a.
1183 2381 1256 2441 ferro
1272 2377 1324 2426 oin-

784 2456 868 2514 cirna,
894 2453 911 2499 i.
931 2467 953 2500 e.
973 2447 1089 2514 firmans)
1115 2448 1199 2499 scribi
1225 2445 1322 2495 voluit.

784 2523 900 2587 Propius
921 2520 972 2570 lruc
991 2523 1098 2584 spectat
1118 2515 1243 2580 Aeselryl.
1257 2516 1324 2564 Pro·

785 2592 867 2643 meth.
883 2589 932 2640 160
953 2586 1067 2651 δεσμοῖς
1084 2579 1197 2644 ἀλύτοις
1211 2580 1323 2648 ἀγρίοις

785 2653 945 2715 πελάσας.
974 2659 1063 2722 Atque
1074 2649 1185 2720 ἀδάμας
1202 2654 1322 2717 antiquis

785 2729 873 2794 poetis
897 2733 953 2777 tum
973 2727 1072 2789 serrum
1092 2725 1243 2791 significat,
1264 2728 1321 2771 tum

194 2795 222 2844 in
242 2795 308 2846 fatis
327 2795 571 2857 constitutarum,
587 2795 663 2844 firma
680 2811 735 2844 ma·
756 2795 758 2800 '
783 2797 916 2863 quidquid
926 2798 1026 2847 nalurd
1035 2797 1086 2846 sud
1095 2795 1265 2846 durissimum
1275 2793 1324 2841 ha-

194 2867 278 2912 noant
297 2871 325 2914 et
344 2863 379 2912 ad
391 2863 469 2913 tinem
488 2863 671 2927 perducantur
689 2881 735 2914 ne·
784 2869 863 2918 betur
875 2873 959 2932 atque
971 2865 1152 2916 firmissimum
1165 2880 1214 2915 nec
1226 2863 1281 2912 ulla
1294 2863 1323 2910 ri

194 2946 271 2982 cesse
292 2937 350 2989 est,
368 2947 454 2996 neque
475 2933 510 2981 ab
528 2935 588 2996 ipso
606 2935 671 2983 Iove
686 2935 734 2983 im·
783 2937 901 2986 bumana
919 2936 1043 3000 adeoque
1061 2935 1154 2984 divina
1169 2933 1258 2997 frangi
1272 2939 1323 2981 ant

194 3003 295 3050 mutari
318 3005 367 3050 ant
386 3001 440 3051 alio
457 3003 581 3052 converti
602 3007 734 3068 possunt:
783 3006 898 3056 dissolvi
911 3005 1093 3055 retractante
1104 3007 1198 3069 possit.
1214 3000 1321 3052 Tuvid.

193 3063 735 3192 ruurrunnunnuri
783 3069 1322 3197 returnar·crurum

193 3209 241 3270 ul,
262 3209 309 3258 ubi
324 3154 382 3263 lul
399 3213 468 3260 nott,
483 3193 510 3260 et
526 3211 588 3262 add.
602 3178 733 3276 ungens
780 3161 906 3277 lllrlrlnm.
916 3179 982 3292 μσς.
995 3181 1039 3263 λδ.
1118 3179 1123 3190 .

193 3276 670 3347 bach:Nachlromer.Theolog.pag.
683 3281 728 3331 147
813 3277 867 3334 ὅσοι
881 3282 1030 3344 Κεκροπος
1052 3269 1139 3342 ον’ρος
1163 3269 1242 3333 ἐντὸς
1265 3271 1322 3340 ἔχει

193 3347 253 3398 coll.
273 3347 370 3398 Grote:
389 3349 503 3415 History
517 3349 547 3399 of
564 3353 665 3401 Greece
680 3351 728 3400 IV.
779 3346 913 3416 κευθμών
935 3366 964 3401 τε
987 3347 1169 3412 Κιθαιρῶνος
1193 3341 1320 3412 ζαθέοιο]

192 3417 321 3481 pag'tll2
339 3433 396 3484 seq.
435 3419 479 3468 Its
495 3419 585 3468 malim
604 3419 670 3470 haec
687 3435 737 3470 ex·
778 3425 797 3472 i.
812 3439 835 3476 e.
857 3437 921 3486 quae
934 3423 1054 3482 Cecropis
1066 3424 1132 3484 sines
1149 3419 1216 3467 intus
1238 3425 1322 3466 terrent
1413 3457 1422 3482 ,

191 3485 459 3550 plicure‚quamcum
469 3489 731 3552 lilansenio(adlle-
780 3503 804 3544 cr
819 3493 932 3541 latebrae
945 3490 1101 3542 Cithaeronis
1114 3491 1191 3538 sarri.
1217 3479 1321 3547 Κέκρο-

192 3554 443 3619 schyiingsmemn.
458 3557 729 3623 λ34.ριις,ν.115ιερ.)
781 3576 834 3618 νιος
855 3545 942 3620 οὖρος
962 3575 1014 3608 non
1037 3559 1069 3608 de
1086 3565 1166 3607 monte
1183 3555 1321 3620 Cecropia.

191 3623 260 3674 lracc
281 3625 321 3673 itu
337 3627 474 3688 accipere,
496 3632 526 3675 ut
548 3629 671 3678 Minerva
689 3629 731 3678 lo·
781 3629 1075 3696 (strenuumque),
1090 3624 1321 3688 i.e.de.tcropoii

191 3709 250 3744 vem
262 3693 322 3744 ideo
335 3696 441 3759 precari
451 3701 576 3760 putetur,
591 3699 661 3761 quod
673 3713 733 3761 pro·
783 3700 950 3749 Athenarum
963 3697 1170 3761 intelligendus,
1185 3695 1233 3744 sed
1250 3695 1283 3744 de
1292 3697 1320 3755 fi·

191 3764 267 3828 digia
281 3779 298 3812 a
310 3763 377 3814 love
392 3765 552 3826 mittantur,
570 3765 666 3816 abhoc
683 3768 732 3828 igi·
782 3770 853 3818 nibus
865 3767 914 3828 (el.
930 3769 952 3829 1,
971 3767 1031 3830 172)
1049 3767 1194 3829 Cecropis,
1212 3764 1230 3816 i.
1246 3781 1269 3813 e.
1287 3763 1320 3815 de

190 3837 236 3884 tur
252 3833 417 3898 poscendum
439 3835 490 3894 sit,
507 3835 531 3884 si
549 3835 613 3899 qnid
630 3838 657 3885 in
676 3835 731 3884 illia
782 3839 817 3888 iis
839 3837 951 3898 linibus,
973 3837 1071 3901 quibua
1092 3836 1214 3896 Cecropia
1238 3838 1320 3892 terra,

191 3903 361 3968 perficiendis
385 3902 429 3954 vel
449 3903 614 3954 adornandis
634 3905 732 3954 mutari
783 3923 851 3971 quae
864 3907 997 3957 eatAttr'eo
1011 3903 1321 3968 (ooni.Herodot.Vlll,

191 3973 315 4024 velimus.
351 3973 440 4036 Atque
458 3973 612 4024 huiusmodi
633 3974 732 4024 Miner·
782 3979 815 4026 44
835 3976 925 4039 ibique
947 3973 1030 4038 nott.)
1056 3975 1220 4024 continetur.
1258 3985 1320 4020 aeo-

190 4059 267 4104 rum,
287 4043 378 4092 lovem
394 4057 441 4107 pro
455 4042 530 4092 urbis
545 4043 732 4094 incolumitate
782 4037 866 4107 θμών
886 4061 933 4094 cur
951 4043 1067 4096 Sehcell.
1089 4041 1251 4092 reddiderit:
1279 4041 1320 4091 die

191 4117 362 4176 precantem,
386 4112 505 4176 imagine
520 4115 731 4176 repraesentari.
782 4113 877 4172 Βνελιι,
890 4115 908 4165 i.
921 4129 944 4163 e.
959 4115 1036 4163 sinum
1049 4111 1232 4170 Cithaeronis,
1246 4109 1324 4166 haud

192 4196 264 4245 quaa
290 4183 316 4230 in
337 4181 436 4244 palatio
462 4181 596 4232 Caesareo
618 4183 731 4232 Parisiis
782 4184 930 4248 perspici03
961 4184 1063 4232 rectius
1086 4181 1222 4244 Longius:
1255 4181 1319 4240 „die

192 4249 306 4312 (vocant
320 4249 437 4314 Irouvrc)
452 4257 624 4311 asservatur,
636 4252 731 4302 existi·
781 4253 898 4302 Selluclrt
908 4254 955 4302 des
967 4251 1087 4316 heiligen
1096 4252 1198 4314 Berges
1207 4250 1319 4299 Kitbae-

192 4325 314 4368 moverat
335 4319 364 4368 C.
391 4320 422 4373 Ο.
445 4318 730 4372 Miilleerenkmael.
782 4323 862 4372 ron.“
903 4323 1025 4385 Namque
1043 4321 1094 4370 hac
1115 4333 1183 4368 voce
1205 4319 1320 4368 latebrae

192 4385 242 4436 alt.
262 4387 295 4438 Κ.
309 4387 352 4453 ll,
368 4389 500 4448 19-217;
513 4389 561 4440 sed
575 4390 732 4456 obloquitur
782 4409 805 4444 s.
822 4391 927 4442 latibula
944 4390 1112 4450 indicantur,
1133 4387 1225 4453 qualia
1241 4403 1318 4452 prae-
