3010 4966
478 349 848 416 TERPSICHORE.
871 355 910 420 V.
932 362 975 422 69.

1212 333 1214 338 ’
1234 359 1293 423 res

160 528 306 605 πλεῦνας
324 527 357 608 ἐξ
372 524 577 596 ἐλασσόνων·
608 527 689 596 δέκα
709 553 745 596 se
765 523 807 615 δή
827 525 1017 616 φυλάρχους
1036 525 1111 600 duri
1129 535 1294 622 τεσσέρων

193 717 244 782 τὰς
254 717 345 788 φυλὰς
359 720 550 790 μετουνόμαοε
568 720 616 774 καὶ
627 717 702 775 ἐποί-

158 807 209 858 ησε
221 791 343 852 πλεῦνας
353 787 381 856 ἐξ
392 787 563 862 ἐλασσόνων]
578 797 630 845 Pro
639 809 702 858 μετ-

158 881 179 912 or
188 857 292 928 νόμασο
302 865 364 915 dedi
375 877 471 927 peteo
479 857 599 928 sc'puce,
613 871 643 914 ut
653 865 700 928 lv,

160 932 219 996 1811,
227 935 274 984 ubi
283 935 416 986 vidnott.
432 934 472 984 lid
480 936 565 998 ipsam
575 949 630 984 rem
641 949 700 998 per-

158 1005 254 1065 tinent,
266 1019 335 1069 quae
345 1019 427 1070 supra
436 1009 546 1054 exstant
555 1006 586 1067 V,
597 1005 646 1055 66:
660 1018 701 1052 re-

156 1071 320 1137 τραφύλους
342 1064 441 1130 ἐόντας
464 1066 634 1136 Ἀθηναίους
654 1070 700 1122 δε-

157 1135 303 1206 καφύλους
313 1135 438 1206 ἐποίησε.
455 1141 607 1194 Clisthenes
622 1149 699 1208 qust-

155 1217 218 1262 tnor
232 1213 370 1277 prioribus
386 1212 507 1264 tribubus
521 1213 637 1262 sublatis
652 1213 698 1264 de-

156 1297 213 1332 cem
245 1283 390 1333 coustituit
419 1297 522 1344 novas,
554 1298 602 1346 per
629 1298 697 1347 quas

156 1364 249 1401 omnes
262 1351 355 1400 demos
371 1368 394 1402 s.
409 1352 501 1413 vicos,
521 1367 635 1416 quorum
650 1368 697 1403 nu-

154 1437 257 1470 merum
269 1421 351 1486 vulgo
365 1421 476 1472 tradunt
492 1420 642 1484 CLXXIV,
657 1422 697 1472 ita

155 1490 312 1553 distribuit,
323 1497 355 1540 ut
366 1492 480 1556 quaevis
490 1491 577 1540 tribus
588 1506 609 1540 e.
621 1482 696 1555 φυλή

154 1565 257 1610 eertum
269 1560 403 1625 quendam
415 1560 638 1625 complecteretur
651 1559 696 1610 de-

155 1645 257 1680 morum
270 1645 417 1679 numerum.
441 1632 530 1695 Atque
542 1629 594 1680 hoe
605 1629 694 1694 ipsum

154 1705 211 1760 est,
232 1699 304 1764 quod
314 1699 469 1750 Herodotus
484 1699 565 1764 paulo
577 1703 640 1762 post
653 1699 695 1749 his

154 1769 309 1819 enuntiavit
321 1769 427 1818 verbis:
447 1765 515 1817 diss
527 1761 558 1817 di
569 1764 615 1817 καλ
627 1763 695 1825 τούς

153 1832 263 1901 δήμους
274 1835 406 1901 κατένεμε
417 1828 444 1894 ἐς
456 1830 506 1895 τὰς
519 1829 624 1901 φυλὰς,
641 1839 659 1889 i.
669 1854 692 1888 e.

153 1911 178 1959 in
190 1909 273 1958 decem
287 1924 346 1959 vero
362 1907 442 1957 tribus
455 1909 527 1957 eliam
542 1909 626 1957 demos
642 1909 694 1956 dis-

153 1977 237 2026 tribuit
251 1976 411 2042 (sicgulcs),
430 1992 509 2040 quem
519 1976 574 2026 loci
585 1992 693 2026 sensnm

152 2061 212 2098 esse
225 2048 280 2096 iam
294 2047 362 2098 bene
375 2045 443 2097 vidit
454 2046 564 2097 Corsini
574 2046 603 2094 in
614 2047 692 2096 Fast.

151 2119 209 2168 Ait.
228 2116 280 2166 lll.
301 2131 363 2182 pag.
384 2117 432 2168 128
452 2131 469 2164 a
484 2116 532 2166 Gr.
547 2115 691 2176 laudatus3

151 2201 313 2250 quamquam
326 2191 403 2249 sunt,
420 2185 465 2250 qui
477 2185 545 2235 haee
555 2184 638 2234 verbe
652 2185 692 2234 its

152 2255 323 2320 intelligant,
336 2262 368 2305 ut
380 2259 407 2305 iu
418 2253 538 2320 singulas
550 2253 637 2302 tribus
648 2253 693 2302 de-

151 2340 209 2375 cem
229 2325 379 2376 Clisthenes
402 2323 572 2374 distribuerit
589 2323 690 2385 demes,

152 2395 264 2460 quaeris
281 2396 364 2459 igitur
382 2394 468 2444 tribus
487 2409 509 2443 s.
525 2387 600 2456 φυλή
615 2391 692 2454 (sunt

151 2471 240 2514 sutem
262 2463 366 2529 decem)
391 2462 624 2527 comprehenderit
646 2462 691 2513 de-

150 2549 207 2584 cem
220 2533 324 2590 demes,
338 2549 399 2584 cum
408 2532 506 2582 vocula
517 2527 585 2580 δέκα
598 2533 626 2581 in
636 2532 691 2583 He-

150 2603 239 2653 rodoti
264 2603 356 2653 verbis
380 2602 416 2652 ad
439 2601 518 2666 longe
543 2603 691 2652 remotiore

150 2672 234 2723 rerba
246 2663 274 2729 ἐς
286 2665 336 2728 τὰς
349 2663 440 2734 φυλὰς
452 2672 548 2722 referri
561 2679 687 2737 nequeat,

150 2742 198 2792 sed
215 2757 275 2792 eum
316 2743 420 2792 roxime
435 2741 612 2806 sequentibus
629 2756 689 2792 ver-

149 2809 192 2859 bis
208 2806 275 2867 τούς
294 2757 403 2874 δήμους
426 2812 556 2875 coniungi
580 2810 687 2861 debeat.

147 2881 194 2930 lta
206 2885 280 2932 certe
298 2880 468 2932 Schcsmsnn
481 2880 689 2944 (Verisssungs-

148 2949 305 3015 geschichte
317 2951 421 3001 Athens
439 2965 466 3014 p.
482 2948 543 3015 61),
567 2951 689 3000 Wester·

148 3035 229 3070 mann
243 3018 358 3086 (Paulyr
375 3018 633 3083 Realenoyolopsed.
649 3019 687 3071 11.

148 3104 211 3154 pag.
230 3089 281 3139 952
303 3089 364 3140 coll.
385 3087 517 3139 Zeitsebr.
538 3087 582 3137 fiir
599 3089 688 3138 Alter·

148 3157 424 3209 thums·wiss.1848.
445 3171 507 3222 pag.
522 3155 582 3222 37),
602 3159 688 3209 Meier

753 724 862 777 slterth.
882 730 906 790 §-
924 727 980 778 111.
999 731 1058 778 not.
1075 729 1115 779 1².
1150 730 1186 780 At
1201 745 1293 782 omues

752 795 860 860 demos,
880 811 947 861 quos
965 798 1102 862 novimus,
1122 799 1146 848 si
1162 806 1294 864 suppute-

752 881 827 929 mus,
841 866 925 916 multo
940 867 1099 917 maiescum
1112 869 1228 920 exsistat
1244 885 1292 920 nu-

752 949 840 986 merus
870 933 944 1000 (nens
975 943 1083 988 eentum
1116 940 1292 1004 septusginta

752 1010 882 1069 quattuor
908 1007 993 1056 terme
1020 1008 1144 1058 novimus
1177 1007 1291 1074 domos),

750 1089 864 1140 cumque
890 1075 933 1125 vel
961 1081 1025 1125 ante
1052 1074 1217 1128 Clisthenem
1245 1078 1291 1128 de-

749 1159 852 1194 mcrum
865 1145 1020 1194 inveniatur
1031 1147 1143 1210 mentio,
1159 1163 1227 1212 qnos
1240 1148 1290 1212 igi-

749 1217 794 1262 tur
810 1229 826 1262 s
839 1213 978 1266 Clisthene
994 1215 1080 1279 primo
1099 1216 1242 1266 institutos
1263 1221 1291 1268 et

749 1288 902 1346 temporum
919 1284 1034 1334 decursu
1047 1291 1110 1348 post
1122 1284 1290 1336 Clisthenem

748 1353 807 1417 (qni
832 1359 940 1402 eentum
969 1354 1120 1403 instituerit
1143 1353 1247 1418 demes)
1273 1370 1290 1404 a

747 1423 904 1472 centenario
927 1437 1037 1473 numero
1060 1422 1096 1472 ad
1114 1429 1224 1474 centum
1245 1439 1289 1475 se-

746 1493 893 1556 ptuaginta
912 1497 1041 1556 qssattuor
1061 1507 1147 1557 usque
1167 1493 1289 1544 crevisse

746 1576 886 1625 negemus,
902 1563 1079 1612 dissentiente
1092 1563 1214 1626 quamvis
1228 1563 1288 1626 ipso
1370 1601 1375 1610 .

745 1631 769 1680 N
772 1631 894 1681 iebuhrio
904 1629 1019 1694 (Hister.
1030 1631 1107 1680 Rom.
1119 1633 1141 1681 l.
1152 1646 1214 1697 pag.
1226 1629 1288 1682 426.

745 1699 782 1749 11.
798 1714 860 1764 pag.
875 1699 951 1764 377),
969 1703 1017 1750 vix
1028 1699 1076 1750 illa
1091 1700 1199 1766 quidem
1213 1708 1287 1752 stare

745 1771 847 1833 poterit
861 1771 1068 1833 interpretatio,
1088 1771 1249 1834 praesertim
1262 1771 1287 1820 si

743 1844 870 1903 reputes,
894 1833 961 1886 δέκα
980 1832 1011 1887 δὲ
1029 1834 1160 1896 καὶτοὺς
1177 1833 1287 1905 δήμους

743 1907 896 1972 significare
915 1907 987 1956 haud
1007 1909 1183 1972 possederas
1203 1909 1286 1959 etiem

743 1977 833 2038 tribus,
847 1976 895 2028 sed
904 1977 987 2026 decem
1000 1979 1084 2028 etism
1095 1979 1184 2041 tribus,
1198 1993 1286 2043 neque

744 2047 853 2095 omnino
866 2044 980 2109 intelligi
993 2061 1087 2111 posse,
1103 2063 1172 2112 quse
1182 2053 1238 2098 tum
1248 2049 1286 2100 sit

743 2115 785 2163 vis
795 2114 903 2169 articuli
913 2115 995 2164 verbo
1006 2111 1114 2179 δήμους
1122 2117 1285 2182 praepositi.

743 2183 907 2234 Contraria
918 2183 1001 2233 ullam
1016 2185 1190 2237 offensionem
1204 2202 1284 2250 prae-

743 2252 806 2302 bere
827 2253 929 2318 poterit
946 2253 1044 2303 vocula
1057 2250 1125 2301 δέκα
1142 2255 1178 2304 sd
1192 2245 1219 2310 ἐς
1234 2249 1285 2312 τὰς

744 2313 836 2384 φυλὰς
848 2323 945 2381 relate,
959 2323 1081 2386 quamvis
1092 2322 1213 2385 pluribus
1225 2339 1284 2373 ver·

741 2391 783 2442 bis
802 2393 971 2456 interpositis
993 2393 1132 2452 seiuncta,
1156 2391 1204 2442 sed
1223 2407 1283 2441 oum

740 2463 769 2510 vi
782 2461 900 2526 quadam
912 2464 940 2511 et
951 2459 1083 2523 consulto,
1096 2465 1127 2510 ut
1138 2459 1252 2524 videtur,
1267 2474 1284 2509 a

740 2532 873 2595 scriptore
888 2529 1041 2582 sententiae
1050 2529 1129 2579 initio
1139 2528 1283 2580 collocata.

740 2601 765 2650 N
767 2617 798 2652 eo
811 2601 910 2651 desunt
926 2599 982 2649 slis
994 2597 1180 2650 huiuscemodi
1195 2603 1283 2650 trans·

739 2671 905 2735 positionum
914 2667 1038 2732 exempla
1047 2669 1120 2733 apud
1129 2669 1218 2734 ipsum
1227 2667 1282 2718 He-

738 2740 878 2803 rodotum,
902 2739 970 2790 alios
985 2743 1016 2788 ut
1030 2744 1147 2792 teceem.
1179 2737 1292 2800 Attulit,

739 2809 820 2861 huius
829 2810 935 2874 generis
945 2807 1075 2859 nonnulla
1084 2807 1219 2858 Dietrioh.
1232 2805 1249 2856 l.
1261 2807 1280 2859 1.

738 2895 801 2944 pag.
817 2879 867 2943 32,
891 2881 938 2945 qui
956 2879 1014 2944 ipse
1034 2879 1103 2929 satis
1123 2877 1220 2942 opinor
1235 2875 1282 2926 do-

738 2950 797 3000 cuit
807 2949 869 3000 inde
880 2965 897 2998 a
906 2963 969 3014 pag.
980 2949 1014 2998 30
1024 2963 1109 3013 seqq„
1117 2946 1188 2996 hanc
1198 2961 1280 2996 uuam

738 3019 845 3069 admitti
866 3034 945 3084 posse
962 3017 1016 3068 loci
1032 3017 1181 3068 Herodotei
1197 3017 1282 3065 inter·

737 3089 927 3154 pretationem,
942 3091 972 3138 ut
984 3079 1052 3135 δέκα
1063 3087 1207 3152 iungamus
1218 3101 1280 3136 cum

737 3159 828 3210 verbis
840 3149 868 3214 lc
876 3151 927 3213 κάς
937 3151 1041 3220 φυλὰς,
1057 3154 1281 3221 quemadmodum

148 3227 233 3291 (ilsll.
253 3229 308 3278 Lit.
329 3227 397 3278 Zeit.
422 3227 496 3279 1844.
514 3242 577 3292 psg.
600 3226 687 3292 1386),
737 3226 837 3278 dudum
854 3230 1035 3292 proposuerat
1045 3223 1151 3276 Cossini
1166 3223 1184 3275 l.
1197 3239 1281 3289 supra

147 3296 286 3346 Thirlwsll
300 3295 423 3362 (Creone.
436 3297 471 3346 ΙΙ.
487 3311 551 3362 pag.
561 3295 594 3348 73
607 3297 689 3361 σεο),
737 3295 766 3358 1.,
780 3311 859 3362 quem
869 3295 1065 3360 Wesselingius
1076 3309 1131 3345 nna
1144 3309 1205 3344 oum
1218 3293 1279 3344 aliis

147 3365 255 3432 Sauppe
276 3365 330 3431 (De
343 3367 428 3418 demis
445 3365 539 3416 urben.
555 3365 686 3419 Athenar.
737 3365 870 3416 Herodoti
888 3365 1084 3430 interpretibus
1098 3368 1139 3416 est
1156 3369 1276 3425 secutus,

146 3435 538 3502 Vimsr.184li.pug.5seqq.
562 3433 619 3498 10),
639 3435 688 3500 qui
737 3435 856 3500 itemque
881 3450 968 3498 nuper
993 3433 1104 3498 Negris,
1129 3433 1279 3484 Grotesend

147 3499 218 3554 susci
237 3502 306 3554 δέκα
329 3505 382 3568 legi
401 3504 472 3566 vult,
498 3503 615 3568 qnodnt
633 3519 687 3554 non
737 3503 846 3568 (llrsoh.
863 3519 888 3553 u.
903 3502 1007 3554 Gruber
1018 3502 1165 3568 Eneyelop.
1180 3503 1202 3552 1.
1217 3502 1277 3553 Vol.

146 3575 235 3625 reiicit
247 3575 332 3625 Meier
347 3573 432 3638 (Hall.
450 3573 506 3622 Lit.
519 3574 588 3623 Zeit.
610 3573 684 3624 1846.
736 3573 840 3624 XXIll.
854 3588 914 3638 psg.
926 3572 999 3638 438),
1017 3573 1100 3623 Grote
1112 3571 1238 3637 (History
1250 3571 1280 3621 ol

145 3657 186 3697 nr.
206 3643 268 3697 ⁸280.
289 3659 352 3709 pag.
376 3643 468 3708 1084),
490 3644 529 3691 ite
545 3633 600 3690 ἀνὰ
618 3640 687 3691 δέκα
737 3639 1278 3708 GreecelV.p.lld),Waehsmuth(Hel·
1333 3648 1334 3651 ’

145 3727 254 3778 quoqne
277 3712 332 3778 legi
356 3727 436 3778 posse
458 3715 548 3762 monet
567 3713 685 3776 itemque
734 3710 788 3761 len.
802 3711 918 3762 Alterth.
938 3711 959 3764 1.
979 3727 1041 3778 pag.
1062 3713 1120 3762 144.
1141 3713 1182 3762 οδ.
1198 3709 1276 3776 sec).

144 3781 237 3843 φυλὰς
246 3798 295 3847 pro
308 3777 485 3846 φυλάρχους,
497 3781 620 3846 quodvel
631 3797 686 3831 ma·
734 3782 855 3846 Accedit,
869 3781 948 3846 quod,
964 3797 1033 3847 quse
1043 3779 1157 3845 protulit
1167 3780 1277 3844 Sauppe

144 3852 186 3916 gis
201 3853 318 3902 alienum
332 3851 468 3902 existimo.
495 3850 572 3901 Illam
585 3851 685 3902 verosi
737 3849 766 3916 (1.
779 3867 860 3916 snpra
871 3851 889 3904 l.
903 3867 966 3916 pag.
980 3853 995 3901 b
1011 3849 1079 3916 seq.)
1094 3850 1213 3914 vestigia
1225 3863 1276 3896 nu·

144 3921 268 3987 sequaris
280 3921 547 3985 interpretationem,
564 3923 685 3972 omnium
735 3921 801 3972 meri
820 3921 972 3971 oontensrii
989 3921 1143 3981 demorum,
1162 3924 1218 3967 tam
1236 3921 1276 3964 te·

144 3991 263 4042 tribuum
283 3991 401 4042 eflicitur
414 4005 540 4042 numerus
557 3997 685 4042 oentena—
735 3991 800 4040 uuis
813 3991 935 4056 proiecto
951 3994 1030 4054 sunt,
1045 3993 1076 4038 nt
1088 3988 1133 4039 rix
1146 3985 1207 4036 inde
1219 3981 1276 4034 tale

143 4061 216 4124 rius,
240 4075 257 4110 a
275 4059 412 4111 Clisthene
432 4063 613 4124 constitutus,
639 4063 686 4126 qui
736 4059 801 4125 quid
815 4061 912 4110 merito
926 4059 1018 4124 colligi
1031 4057 1131 4122 possit:
1150 4054 1278 4105 nituntur

144 4131 246 4194 primus
257 4143 349 4195 agrum
360 4131 480 4181 Atticum
490 4131 518 4181 in
528 4135 635 4182 eentum
645 4131 685 4180 di·
734 4131 805 4180 euim
823 4146 877 4181 uno
897 4129 1048 4180 Herodisni
1068 4125 1128 4177 loeo
1145 4119 1208 4186 περὶ
1226 4135 1276 4187 μο-

143 4199 238 4252 viserit
253 4205 360 4264 partes,
378 4199 476 4266 quibus
491 4195 591 4265 δήμων
606 4199 686 4250 dede·
734 4191 798 4263 νήο,
819 4193 873 4260 sis.
891 4216 916 4265 p.
933 4201 978 4260 17,
995 4197 1025 4260 8,
1047 4195 1094 4260 qui
1106 4193 1276 4259 Araphenem

143 4268 181 4318 rit
202 4283 309 4322 nomen.
347 4269 426 4320 Cous.
446 4268 624 4321 Sohoemaun.
643 4270 684 4320 De
734 4269 830 4319 scribit
844 4285 926 4320 unum
944 4283 958 4318 e
976 4274 1070 4316 eentum
1089 4264 1217 4316 heroibus
1234 4263 1277 4314 iu·

143 4339 249 4389 comiti.
260 4353 320 4404 pag.
332 4339 383 4391 am
393 4353 450 4406 seq.
461 4339 522 4390 coll.
533 4340 563 4390 C.
577 4339 607 4388 F.
616 4338 685 4388 Her·
733 4339 799 4400 isse,
813 4355 879 4404 quos
891 4339 986 4388 herode
997 4335 1134 4386 demotum
1146 4332 1203 4401 (qni
1213 4334 1276 4386 inde

145 4421 257 4460 manno:
270 4407 414 4460 Lehrbuoh
424 4407 683 4461 d.Helleu.Stsats·
734 4415 828 4460 centum
844 4405 956 4473 luerint)
975 4421 1122 4472 eponymos
1138 4407 1223 4458 luisse
1243 4424 1276 4460 ex

143 4567 159 4584 ,1
180 4511 346 4558 essenon.
369 4514 418 4558 111.
1059 4491 1078 4558 8
