3002 4972
434 362 797 429 TERPSIOHORE.
821 361 857 428 V.
881 371 1000 430 94—96.
1224 363 1282 426 195

147 541 344 622 δὲἈλκαῑος
362 541 400 610 ἐν
419 543 514 630 μέλει·
529 540 667 629 ποιήσας
683 543 827 614 ἐπιτιθεῖ
841 542 873 620 ἐς
887 535 1106 628 Μυτιλήνην,
1128 541 1281 626 ἐξαγγελ-

145 647 284 736 λόμενος
296 645 334 715 τὸ
348 647 477 714 ἑωυτοῦ
490 645 598 725 πάθος
614 651 827 739 Μελανίππῳ
841 640 941 733 ἀνδρὶ
956 645 1086 735 ἑταίρῳ.
1127 649 1281 731 Μυτιλη-

145 759 263 831 ναίους
284 750 318 819 dl
341 751 397 817 καλ
414 746 618 837 Ἀθηναίους
635 748 817 837 κατήλλαξε
836 752 1047 838 Περίανδρος
1069 740 1280 829 ὁΚνψὲλου·

145 852 254 948 τούτῳ
273 852 337 941 γὰρ
361 857 513 942 διαιτητῇ
534 852 777 942 ἐπετράποντο·
806 852 987 940 κατήλλαξε
1013 851 1050 920 dl
1071 838 1155 933 eride,
1183 853 1279 938 νίμε-

145 969 227 1027 σθαι
248 959 425 1042 ἑκατέρους
450 955 513 1044 τήν
525 964 657 1044 ,ἔχουσα
702 962 842 1043 Σίγειον
862 957 925 1044 μίν
949 983 1014 1024 νυν
1034 948 1123 1024 οὕτω
1148 955 1280 1040 ἐγίνετο

90 1057 213 1130 sencia’
232 1059 448 1150 Ἀθηναίοισι.
485 1057 611 1147 Ἱππίης
626 1060 663 1130 δὲ
684 1063 759 1130 ἐπεί
775 1087 811 1128 τε
830 1055 967 1128 ἀπίκετο
986 1061 1022 1127 ἐκ
1042 1061 1099 1144 τής
1112 1062 1278 1126 Λακεδαί-
1287 1065 1327 1127 96

143 1193 245 1255 μονος
267 1168 300 1245 ἐς
324 1163 386 1253 τήν
410 1161 539 1253 Ἀσίην,
566 1168 633 1232 πᾶν
653 1169 761 1254 χρῆμα
782 1166 906 1256 ἐκίνεε,
933 1161 1126 1250 διαβάλλων
1146 1188 1181 1229 τε
1201 1159 1280 1241 τούς

140 1364 173 1424 τὸ
186 1365 216 1422 ἐν
226 1369 341 1438 Σιγείῳ]
356 1371 416 1422 Ηοο
425 1370 486 1421 Ιοοο
497 1371 591 1435 posuit
602 1363 685 1436 πρὸς,
735 1377 791 1422 tam
804 1371 941 1420 imitatum
953 1381 1013 1420 esse
1021 1369 1166 1420 Horatium
1177 1370 1228 1420 Od.
1240 1369 1277 1433 Il,

142 1459 203 1494 cum
217 1443 395 1506 supraV,77
412 1442 549 1505 posuisset
562 1433 615 1504 είς,
637 1439 685 1488 ubi
737 1441 785 1504 13,
808 1440 855 1504 26,
881 1440 940 1490 loco
957 1439 1188 1502 celebratissima,
1214 1445 1278 1490 eunt

144 1513 198 1564 vid.
212 1517 281 1562 nott.
308 1510 684 1575 Ipsumverohocblinervae
734 1513 924 1577 quietatuant.
953 1509 1275 1572 AttigiinHistor.Litt.

141 1581 271 1648 templum
284 1586 447 1631 memoratur
461 1583 489 1629 in
507 1581 685 1644 inscriptione
734 1583 838 1632 Rerum.
855 1583 880 1642 5.
897 1579 955 1629 124.
970 1585 1027 1631 not.
1041 1579 1134 1628 iledit.
1151 1583 1213 1628 tert.

143 1653 240 1716 Sigea,
254 1652 331 1701 cuius
344 1651 371 1699 in
384 1655 453 1700 nott.
470 1650 506 1699 ad
518 1651 556 1711 V,
571 1651 604 1700 64
619 1649 685 1699 ieci·
770 1650 857 1699 ταῦτα
872 1642 903 1696 δὲ
920 1639 1042 1704 Ἀλκαῖος
1057 1639 1087 1696 ἐν
1100 1644 1177 1711 μέλεϊ
1194 1640 1277 1712 ποιή-

143 1738 203 1772 mus
212 1721 383 1770 mentionem.
410 1719 505 1770 Alcaei
518 1718 612 1783 verba,
626 1720 685 1783 qui·
736 1733 785 1778 σας
799 1735 823 1767 κ.
838 1735 861 1768 τ.
877 1716 913 1782 λ,]
935 1719 1012 1781 „lala
1025 1721 1173 1768 larnentctus
1191 1719 1228 1767 ud
1240 1721 1277 1783 ly-

142 1792 194 1842 bus
215 1807 244 1841 se
262 1791 350 1855 ipsum
370 1789 477 1854 quidem
501 1788 606 1838 salvum
625 1804 684 1838 esse
735 1807 788 1840 ram
805 1789 916 1838 Alcaeus
943 1803 1042 1837 curmae
1061 1788 1199 1853 Mytilenen
1224 1792 1278 1838 mit·

142 1863 244 1911 iactum
260 1862 411 1922 cecinerat,
435 1858 482 1910 sed
500 1859 583 1908 armis
602 1859 683 1907 amis·
734 1861 934 1910 tircdsorlulcm
945 1857 1128 1921 Melanippum,
1149 1873 1278 1922 qrrosrmnr

143 1933 180 1982 sis
191 1969 198 1994 ,
210 1930 299 1995 clipeo
308 1931 336 1978 in
347 1931 486 1980 Minervae
495 1928 608 1978 Caeciae
618 1935 684 1978 tem·
734 1932 776 1979 ille
787 1931 873 1992 sapum
884 1927 1044 1993 σταφυλαί·
1067 1929 1093 1976 V
1097 1929 1128 1975 αἱ
1133 1927 1217 1977 cisen.
1234 1928 1277 1976 De

142 2001 187 2066 plo
201 2001 235 2050 ab
249 1999 461 2050 Atheniensibus
473 2013 615 2062 suspenso,
629 2013 684 2048 ser·
734 2001 817 2050 verbo
832 1998 934 2059 ποιεῖν,
947 2001 1059 2046 carmina
1070 2011 1198 2062 paupere,
1212 1999 1278 2046 rcri-

140 2071 218 2120 vsvit
228 2069 319 2120 Strab.
328 2069 406 2120 lllll.
413 2084 439 2134 p.
448 2067 500 2118 600
507 2071 538 2117 A.
549 2083 571 2118 s.
579 2067 630 2118 895
640 2068 682 2128 0.,
734 2068 804 2130 berc,
820 2067 938 2115 vidimus
949 2065 983 2114 ud
994 2066 1047 2126 Ill,
1060 2065 1093 2115 38
1104 2075 1131 2115 et
1144 2067 1180 2115 ad
1192 2067 1230 2128 ll,
1242 2065 1275 2116 53

141 2141 169 2188 in
183 2139 282 2204 quibus
296 2138 386 2188 verbis
397 2141 470 2188 recle
483 2137 683 2188 constituendis
736 2139 764 2186 iu
777 2139 890 2186 Excute.
904 2135 965 2184 Vll.
986 2151 1047 2200 pag.
1065 2136 1125 2188 856.
1140 2137 1217 2184 Toni.
1231 2135 1274 2194 li;

141 2217 203 2274 post
221 2207 353 2264 Vslclteu,
370 2213 397 2256 et
413 2207 577 2271 wesseling.
594 2206 684 2256 elabo-
735 2208 770 2256 ad
783 2222 877 2256 vocem
891 2197 972 2267 με’λος
994 2203 1060 2269 (qua
1073 2206 1177 2268 lyricam
1188 2207 1276 2266 poesin

140 2283 235 2329 rerunt
250 2276 384 2327 Matthiae
404 2277 431 2326 iu
445 2274 539 2328 Alcaei
560 2277 682 2340 irngmm.
735 2276 850 2327 indicari
860 2275 993 2324 nemiuem
1003 2271 1085 2338 fugit)
1096 2272 1214 2334 conhll,
1228 2273 1275 2324 135

140 2363 201 2413 pag.
218 2347 248 2398 18
262 2362 337 2412 seq..
349 2345 484 2397 Welclrer.
498 2347 526 2394 in
539 2345 617 2395 lalrn.
630 2347 684 2395 Au·
734 2347 809 2396 etde
824 2345 910 2394 forms
923 2335 1063 2406 inserere,
1079 2357 1133 2406 que
1147 2349 1275 2392 constan-

139 2414 683 2482 nallpaedagougetpbiloll.1830(Xll‚
734 2420 776 2466 ter
786 2417 886 2466 Noster
898 2415 999 2470 utitur,
1014 2411 1128 2461 Bredov.
1141 2427 1202 2476 pag.
1214 2411 1274 2462 333.

142 2489 168 2550 l)
186 2503 248 2552 pag.
266 2487 300 2536 36
317 2492 344 2535 et
360 2485 459 2550 Bergk.
480 2486 570 2534 Poeta.
588 2483 682 2549 lyricc.
733 2487 775 2535 De
784 2483 986 2535 locutionevid.
998 2485 1067 2531 nott.
1080 2479 1113 2530 ad
1123 2479 1217 2544 111,s·2
1229 2480 1274 2528 lin.

139 2553 407 2621 Grsecc.pag‚712.
439 2556 531 2620 Atque
544 2570 575 2604 eo
588 2554 682 2604 Nostri
734 2555 812 2617 Quod
833 2554 902 2604 enim
919 2551 1075 2602 Herodotus
1092 2550 1131 2600 sic
1150 2551 1276 2600 enuntiat

139 2631 268 2692 spectent
279 2624 377 2676 verba:
395 2615 510 2688 ίνμέλεϊ
522 2617 644 2687 ποιήσας
655 2629 683 2673 et
732 2617 859 2674 ἐπιτιθεῖ
871 2613 898 2678 ἐς
914 2612 1098 2684 Μυτιλήνην,
1117 2619 1146 2669 id
1160 2619 1273 2669 Strabo:

140 2699 384 2762 quaesoquuutur.
410 2694 539 2744 Alcaeum
557 2694 628 2744 enim
643 2694 682 2743 vi·
731 2679 1199 2756 κελεύσαςᾶγηείλαιτοῐςὲνοίκῳ,
1224 2689 1276 2739 Μί-

138 2782 198 2816 rum
212 2765 317 2830 alioqui
328 2770 466 2814 strennum
482 2763 566 2813 luisse
581 2779 613 2812 ac
628 2763 682 2812 ior·
731 2769 767 2814 sit
778 2764 887 2814 Alcaeus
901 2777 1007 2812 carmen
1020 2759 1171 2824 Mytilenen
1186 2760 1275 2809 amico

138 2843 193 2886 tem
217 2839 355 2886 testantur
379 2839 501 2890 veteres,
526 2833 682 2882 Athenaeus
731 2833 899 2898 Melanippo.
931 2833 976 2882 Ita
992 2829 1275 2894 rccteinterpretatur

139 2905 213 2966 x1v,
227 2905 270 2956 23.
283 2921 310 2970 p·
322 2903 429 2966 627Α.,
443 2903 578 2954 Horatius
591 2903 642 2954 Od.
659 2903 680 2966 l,
733 2904 929 2966 Wesselingiue
943 2902 976 2951 de
990 2899 1128 2950 locutione
1141 2899 1273 2964 quaedam

139 2971 681 3039 3⁶2,tl(serocearbellovacaueAlcaenm),
733 2973 892 3024 adiiciense
914 2970 1019 3022 Reiskii
1043 2967 1159 3019 bliscell.
1180 2969 1273 3032 Lipss.

138 3044 233 3095 Cicero
244 3040 364 3094 Tusculi.
377 3043 424 3104 lV,
437 3043 485 3104 33,
501 3043 547 3092 ubi
558 3044 596 3092 air
604 3042 683 3103 fortis
732 3043 793 3096 Vol.
807 3043 885 3093 Vlll.
901 3059 926 3106 p.
941 3041 1000 3092 307.
1027 3041 1092 3090 Mox
1105 3039 1177 3103 quod
1191 3037 1273 3102 vulgo

138 3113 303 3179 appellatur.
337 3111 680 3164 Conf.Plebn.Leebiacc.
733 3114 817 3164 edunt
834 3102 938 3178 ἕτολοῳ,
966 3126 1035 3174 qnae
1059 3109 1145 3158 formu
1165 3110 1274 3172 poetica

138 3199 201 3250 pag.
224 3182 273 3233 170
296 3197 387 3246 sequ,
411 3184 458 3248 qui
483 3197 515 3232 ex
535 3197 581 3238 eo,
609 3181 681 3246 quod
734 3188 791 3244 est,
812 3179 1140 3246 equidemel'lorontino
1158 3177 1273 3243 aliisque

138 3253 317 3303 Athenienses
331 3253 424 3328 Alcaei
443 3267 519 3301 arma
538 3255 566 3300 in
581 3251 682 3314 templo
733 3253 812 3304 codd.
826 3251 955 3300 revocavi
970 3239 1086 3312 ἑταίρη»,
1107 3247 1178 3312 qnod
1190 3262 1273 3297 unum

138 3323 341 3388 suspenderint,
352 3337 398 3374 eos
409 3323 483 3386 ipsos
494 3323 682 3385 comprobasse
732 3321 872 3373 Herodoto
883 3319 1028 3369 convenire
1038 3317 1118 3367 credo
1128 3333 1134 3376 ;
1146 3317 1200 3366 vid.
1210 3318 1274 3365 Bre-

137 3393 212 3454 vnlt,
233 3391 306 3442 baud
324 3393 433 3459 parvis
451 3408 480 3441 se
492 3390 585 3441 Alcaei
599 3390 683 3440 virtu·
732 3393 793 3442 dcv.
808 3405 871 3456 pag.
885 3387 942 3437 141.

139 3469 193 3512 λεια
216 3463 368 3521 aestimari3
395 3461 468 3526 quod
488 3460 552 3509 mihi
574 3459 681 3526 quidem
767 3453 929 3522 κατήλλαξε]
944 3455 1023 3506 Coni.
1034 3457 1066 3514 V,
1079 3453 1121 3505 28.
1141 3456 1272 3518 Pertinet,

136 3547 191 3582 uon
209 3534 361 3598 persuasit,
388 3546 439 3581 nec
463 3531 550 3595 magis
573 3529 683 3593 probari
732 3537 763 3580 nt
784 3543 866 3595 supra
888 3529 1085 3587 enarravimus,
1106 3524 1274 3591 baechlyti-
1359 3579 1361 3581 ,

136 3601 216 3652 video
233 3601 378 3654 Welclrero
393 3601 411 3650 l.
422 3600 440 3649 l.
454 3617 514 3666 pag.
531 3599 573 3650 36.
600 3599 681 3650 Nam·
731 3601 886 3651 lenaeorum
907 3603 990 3662 atque
1007 3594 1211 3645 Atheniensium
1235 3611 1274 3646 rc·

137 3687 188 3736 que
199 3671 245 3722 viu
259 3671 340 3722 aliern
352 3671 386 3721 ob
399 3685 508 3721 cerream
524 3669 591 3718 haec
603 3685 680 3719 arma
730 3671 888 3722 conciliatio
910 3668 945 3716 ad
968 3671 1091 3731 tempora
1111 3667 1272 3728 posteriora,

138 3739 242 3804 (pronti
263 3758 320 3792 mos
343 3739 459 3804 larebat)
484 3740 595 3789 inerunt
619 3754 679 3790 sus·
731 3735 1035 3804 necadprlusbellum,
1050 3735 1274 3786 cuiAlcaenain-

136 3826 222 3874 pensa
247 3811 281 3860 ab
299 3810 525 3872 Atheniensibus,
550 3825 629 3874 quam
649 3813 679 3858 ut
730 3809 839 3873 teriuit,
860 3807 1072 3874 quocompcsito
1090 3820 1178 3856 novae
1197 3807 1271 3854 rixae

136 3881 314 3932 victoriando
329 3881 441 3941 Alcaeo,
458 3880 517 3930 viro
531 3895 634 3930 summo
647 3895 679 3928 ac
730 3881 818 3931 denno
842 3884 906 3928 sunt
925 3883 1049 3938 exortae,
1075 3881 1105 3924 ut
1123 3875 1158 3924 ad
1179 3877 1217 3936 V,
1237 3875 1270 3923 nt

136 3949 300 4014 fortissimo,
317 3954 475 4016 reportatae
486 3949 594 4013 insigne
606 3947 679 3997 exbi-
731 3950 913 4016 exposuimus.
950 3947 990 3997 Ad
1004 3947 1115 3998 verbum
1134 3941 1271 4007 νέμεσθαι

136 4021 232 4070 herent
244 4020 450 4080 documentum
463 4020 534 4069 unde
545 4035 611 4068 saue
621 4016 679 4067 uul-
731 4020 802 4071 conf.
820 4025 888 4070 nott.
907 4018 940 4068 ud
954 4020 993 4080 V,
1009 4017 1043 4068 45
1062 4020 1090 4064 et
1106 4013 1140 4063 sd
1157 4012 1271 4062 locutio-

138 4089 181 4138 lus
199 4091 227 4139 in
245 4089 375 4142 Alcaeum
392 4089 563 4140 redundabat
581 4088 676 4138 honos.
731 4107 789 4142 uem
807 4087 938 4155 γίνεσθαι
956 4079 1015 4136 ὑπό
1031 4099 1087 4133 τινι
1100 4085 1137 4145 V,
1154 4082 1188 4132 30
1205 4083 1268 4146 ibiq.

138 4159 216 4220 Quod
226 4159 344 4224 Alcaeo,
360 4159 431 4209 idem
440 4157 602 4208 Archilocho
617 4159 679 4222 pod-
730 4165 799 4212 nott.
812 4161 854 4211 nn.

136 4231 331 4281 taeaccidisse
350 4228 678 4294 accepimusutclipeum
907 4259 946 4312 CA
993 4259 1078 4309 XCV,

135 4299 288 4362 amitteret,
308 4298 679 4365 qnodmagnumhabebatur
947 4278 972 4312 Ρ·
1082 4293 1089 4306 ”

136 4367 255 4420 dedecus
271 4369 344 4434 apud
361 4373 476 4422 veteres.
513 4367 555 4417 cf.
571 4365 677 4416 Aclian.
764 4362 824 4414 noir
836 4363 928 4428 χρῆμα
942 4356 1039 4427 ἐκίνεε]
1059 4361 1077 4411 i.
1089 4374 1111 4408 e.
1128 4371 1219 4407 ornnem
1232 4359 1270 4407 Ια-

135 4437 169 4490 V.
183 4440 218 4489 ll.
238 4440 271 4503 X,
287 4439 327 4491 13.
361 4441 447 4502 Quem
459 4443 602 4504 utrumque
615 4436 679 4502 po'e'·
728 4435 810 4500 pidem
826 4435 950 4499 movebat,
970 4439 1001 4482 ut
1014 4431 1129 4481 Romani
1142 4427 1214 4494 loqui
1227 4445 1271 4480 so-

955 4580 959 4586 ,
1008 4513 1070 4579 13*
