3010 4966
469 355 836 420 TERPSIOHORII.
856 356 894 418 V.
917 365 960 422 71.

1221 368 1279 434 133

145 533 208 626 μὲν
220 537 256 606 oi
266 529 445 622 πρυτάνιες
459 537 526 604 τοῖν
543 530 761 623 ναυκράρων,
785 539 880 626 οἵπερ
895 544 1013 627 ἔνεμον
1026 534 1099 608 τότε
1113 539 1170 623 τὰς
1182 539 1279 634 Ἀθή-

145 724 690 797 criocrdedioivroreier,iubentibueDin·

146 805 214 857 dori.
227 806 255 856 in
266 805 447 856 commentat.
461 805 494 855 de
506 805 570 855 dial.
583 803 686 856 Herod.

144 891 207 941 pag.
220 876 365 926 XXXVIII
380 880 408 926 el
418 875 535 926 Bredov.
549 891 610 940 pag.
626 873 690 936 3985

145 961 205 996 cum
221 946 288 996 haec
303 945 391 996 forma
402 960 455 994 una
467 943 684 1005 eitHerodotea;
711 959 715 968 ·

144 1016 263 1078 itemque
287 1015 350 1065 dedi
371 1005 522 1071 πρυτάνιες
542 1030 591 1079 pro
610 1015 684 1078 vulg.

143 1075 296 1146 προτάνις,
310 1100 381 1149 quoe
391 1085 478 1135 ferma
488 1083 580 1134 aliene
593 1088 637 1134 eet
649 1084 684 1134 eb

143 1156 238 1205 Noelri
256 1155 397 1217 scriptorio
418 1169 486 1213 μους
510 1153 545 1204 ci.
567 1153 683 1204 Bredov.

143 1241 171 1290 p.
191 1223 242 1275 266
262 1223 323 1274 coll.
344 1224 404 1276 ¹263.
440 1215 559 1279 τούτους
579 1223 624 1273 hic
649 1222 684 1272 ad

143 1293 272 1357 Gylouem
286 1293 399 1359 eiusque
417 1294 523 1352 accior,
544 1283 596 1356 τὴν
613 1283 684 1342 ἔται-

144 1359 230 1426 perne
246 1360 304 1411 τῶν
318 1355 490 1427 ἡλικιωτέων
502 1361 600 1412 refero.
631 1363 684 1424 Qui

142 1433 275 1484 Herodoti
284 1437 349 1483 eunt
358 1425 388 1481 ol
397 1424 549 1492 πρυτάνιες
558 1429 687 1479 reinvoc-

142 1493 268 1564 κράρων.
283 1518 373 1553 eorum
386 1501 446 1551 loce
460 1502 530 1565 apud
545 1500 683 1564 Thucydi-

141 1572 201 1624 dem
216 1573 244 1632 1,
260 1569 309 1621 126
322 1571 451 1637 Cylonem
469 1571 580 1634 eiusque
592 1571 683 1620 εοοίοι

140 1639 267 1692 dicuntur
290 1635 446 1704 ἀναστῆσαι
471 1633 502 1690 ol
522 1637 579 1688 τοῖν
600 1627 682 1702 Ἀθρ-

140 1709 232 1760 νοιίων
239 1702 468 1771 ἐπιτετραμμένοι
478 1701 530 1772 τὴν
540 1707 633 1766 molera
645 1700 680 1772 “ν,

140 1781 187 1846 qni
199 1780 280 1859 ildem
291 1779 371 1845 paulo
382 1785 444 1829 aule
455 1783 589 1829 vocantur
602 1724 654 1826 oli
672 1807 682 1818 ·

140 1842 191 1898 νέα
215 1862 349 1913 αρχοντες
374 1847 431 1912 (qui
457 1851 522 1898 tuuc
552 1849 681 1910 temporie

138 1918 255 1984 plurima
269 1919 296 1968 in
308 1917 449 1981 republica
461 1916 629 1981 tractabant)
645 1918 682 1966 ei-

138 2003 186 2050 ve,
205 1993 235 2038 ut
248 1988 288 2038 ait
300 1989 452 2038 Pausanias
466 1988 535 2048 VII,
552 1988 593 2038 25.
610 1990 634 2050 5.
652 1988 680 2038 l:

138 2051 170 2108 οἰ
186 2051 297 2121 ἔχοντες
317 2048 367 2112 τὰς
387 2048 484 2120 ἀρχάς.
517 2057 594 2117 Quae
614 2071 680 2119 quo-

138 2126 218 2178 modo
233 2143 293 2177 cum
307 2126 473 2177 Herodoteie
488 2124 680 2183 concilientur,

137 2214 194 2248 non
218 2197 288 2248 ralia
313 2195 432 2259 perspici
455 2209 535 2256 posse
557 2194 597 2242 ait
616 2193 680 2242 Vel·

737 741 798 803 lyce
809 776 816 800 ‚
831 754 901 803 qnae
914 739 992 803 iprae
1002 739 1128 800 srmone
1139 747 1280 808 quaternio

737 809 902 859 conelebant
922 815 1081 863 naucrurr'r'e:
1103 811 1174 863 unde
1191 818 1276 866 totum

736 879 865 943 populum
885 880 912 929 iu
929 880 1110 945 quadraginin
1127 887 1189 932 octo
1211 899 1278 936 nau·

737 949 841 998 orarias
861 951 1013 1015 anIIquitue
1035 951 1207 1004 dietribntum
1234 955 1279 1006 fu-

735 1018 790 1068 ieee
806 1025 1017 1070 consentaneum
1032 1026 1088 1082 eet,
1108 1022 1206 1087 qulbus
1221 1023 1276 1074 eiu·

735 1087 806 1152 gadis
819 1089 932 1138 totidem
950 1089 1083 1153 praefecti
1102 1108 1123 1142 e.
1137 1092 1276 1154 praecides

735 1155 852 1219 fuerint,
874 1151 904 1206 οἴ
916 1148 1086 1224 ναάκραροι,
1102 1176 1212 1211 numero
1226 1163 1277 1222 igi-

735 1229 779 1276 tur
804 1227 989 1292 quadraginta
1007 1233 1070 1278 octo
1089 1230 1196 1294 clipei.
1233 1231 1277 1282 De

735 1311 847 1360 quorum
860 1312 968 1348 munere
980 1303 1007 1348 et
1017 1298 1108 1348 officio
1121 1301 1276 1350 accuratius

735 1381 868 1429 exponere
880 1365 953 1416 haud
966 1366 1074 1428 licebit,
1087 1383 1148 1417 cum
1161 1367 1194 1419 de
1208 1370 1275 1433 ipeie

734 1436 888 1485 naucrariie
906 1451 1053 1498 earumque
1070 1441 1171 1486 natura
1187 1453 1219 1486 ac
1230 1438 1275 1488 vel

734 1504 766 1554 de
786 1506 845 1568 ipso
862 1505 969 1554 nomine
990 1505 1032 1554 hie
1054 1506 1180 1568 imponito
1202 1506 1275 1558 haud

733 1574 800 1622 aetia
814 1578 930 1624 constet.
951 1574 1015 1626 vul,
1026 1574 1105 1625 modo
1117 1575 1202 1624 allatu
1214 1591 1230 1625 a
1242 1576 1272 1625 0.

732 1645 763 1695 F.
772 1644 940 1694 Hermanno:
955 1643 1273 1694 Gricch.Staataalterlh.

734 1716 757 1775 ἓ.
777 1713 827 1772 98,
845 1713 991 1777 praecipue
1007 1718 1065 1764 not.
1084 1715 1108 1763 2.
1126 1713 1151 1765 3.
1171 1716 1195 1776 6.
1213 1714 1272 1765 10⁶2.

733 1786 791 1831 not.
812 1781 859 1842 15,
882 1781 1073 1832 Waehemnlh:
1099 1782 1274 1834 Hellenieche

731 1849 926 1904 Alterlhumelr.
943 1853 967 1901 1.
983 1868 1009 1914 p.
1022 1852 1073 1904 366
1085 1868 1142 1916 req.
1163 1852 1214 1904 437
1229 1853 1271 1902 ed.

732 1935 797 1979 rec,
813 1920 937 1970 Boeckh:
949 1920 1140 1975 Stanteheurh.
1154 1921 1174 1970 I.
1184 1937 1210 1985 p.
1222 1921 1273 1974 70ss

732 2003 790 2054 aeq.
821 1988 862 2037 Ad
880 2004 984 2039 emnem
1002 1990 1169 2053 reipublicae
1188 1992 1273 2041 admi·

731 2057 891 2107 nistrantlae
904 2073 1011 2120 euram,
1032 2059 1210 2122 inprimis-ed
1226 2061 1273 2110 tri·

730 2126 797 2176 bute
810 2131 838 2176 et
851 2126 918 2183 elie.
932 2143 1001 2190 qnae
1014 2127 1180 2191 reipublicae
1196 2145 1273 2191 prae·

732 2196 831 2245 clauda
845 2199 951 2250 creent.
964 2197 1058 2246 horum
1073 2196 1271 2258 praefectorum

137 2268 234 2329 cheu,
263 2266 316 2316 uiui
339 2263 526 2328 Thucydidem
551 2263 579 2312 in
604 2261 680 2312 hirco
730 2279 826 2314 munus
846 2268 985 2328 spectasse
1007 2265 1129 2328 equidem
1152 2267 1273 2317 eredide-

136 2336 220 2387 alium
248 2340 330 2399 atque
359 2333 529 2384 Herodolum
558 2335 678 2382 secutum
730 2335 790 2392 rim,
805 2333 978 2396 delectoaque
993 2349 1052 2384 esee
1067 2349 1099 2382 ex
1114 2333 1207 2382 iiedern
1221 2336 1272 2384 uli-

137 2422 197 2457 eree
213 2411 321 2456 eternae
338 2409 486 2454 erectorem.
514 2401 680 2452 HerodoIeie
729 2407 796 2467 quoi
810 2404 883 2453 viror
898 2401 968 2467 (eive
986 2406 1116 2466 quattuor
1134 2401 1191 2451 eive
1206 2403 1271 2453 duo·

136 2477 224 2526 ulitur
240 2474 424 2537 Harpocrello
447 2487 468 2524 e.
489 2487 516 2548 v:
535 2466 679 2534 δήμαρχος
730 2473 816 2523 decim
825 2470 1100 2536 iuieeealatua),qui
1110 2471 1273 2534 quetidiana

135 2561 199 2610 pag.
222 2543 273 2595 120
292 2547 321 2592 el
343 2555 519 2602 ναακοαρικα
537 2556 600 2605 pag.
618 2541 678 2601 250,
730 2545 857 2592 curarent
878 2541 988 2605 negotia
1004 2555 1188 2604 summamque
1208 2539 1272 2590 inde

137 2615 184 2666 ubi
198 2612 466 2674 docelmagietruiue
482 2609 544 2660 olim
561 2609 679 2674 appella·
729 2611 861 2662 haberent
879 2615 1059 2675 potestatem:
1083 2609 1133 2658 hoe
1147 2624 1212 2658 vero
1226 2608 1271 2660 dc-

137 2690 182 2734 loe
207 2682 293 2733 iuieae
315 2673 509 2742 ναυκράρους,
539 2679 619 2743 plura
645 2695 679 2729 ex
728 2681 814 2731 lectos
830 2685 878 2730 ant
897 2681 979 2730 eliam
1001 2677 1206 2742 certoquodom
1228 2695 1270 2728 or·

136 2752 292 2803 Aristotelis
329 2766 417 2800 rerum
452 2748 568 2812 publice.
602 2748 678 2798 librir
729 2751 792 2800 dine
811 2751 845 2800 od
862 2750 913 2800 hoe
932 2765 1030 2800 mnuua
1049 2752 1179 2798 evocatos
1200 2761 1271 2808 πρυ-

137 2838 209 2874 uunc
229 2819 379 2883 'deperditis
400 2819 530 2877 effereno;
558 2819 630 2868 unde
645 2832 678 2866 ea
729 2813 823 2876 reivee
835 2809 1004 2880 ναυκράρων
1019 2819 1045 2868 h.
1058 2817 1076 2870 l.
1091 2817 1144 2867 dici
1157 2832 1271 2868 couren-

137 2906 246 2958 quoqne
265 2891 416 2950 duxerunt,
437 2903 507 2952 quoe
524 2888 595 2950 apud
616 2888 679 2938 Pel·
729 2895 837 2940 taueum
854 2895 908 2950 eet,
925 2886 1150 2952 quemadmodum
1165 2879 1271 2946 πρυτά-

135 2961 190 3012 luc.
204 2960 279 3022 VIII,
293 2959 342 3009 108
356 2957 480 3008 elSchol.
492 2957 526 3006 ad
538 2957 678 3021 orreroph.
729 2972 788 3016 νετς
802 2975 909 3024 quoque
926 2959 1008 3020 vulgo
1026 2957 1168 3008 dicuntur.
1190 2957 1237 3020 qni
1255 2973 1270 3006 e

134 3030 208 3083 Ναὶ).
222 3030 270 3088 37,
291 3028 353 3080 coll.
368 3027 444 3079 Suid.
465 3043 488 3078 s.
501 3042 527 3076 τ.
543 3025 677 3084 Ναυκρα-
728 3034 824 3079 renutu
842 3029 1050 3094 quiuoeenlorum
1068 3027 1186 3077 virorum
1206 3040 1270 3076 cve-

51 3109 55 3116 '
136 3091 203 3162 ρικά
213 3101 245 3152 Τ.
258 3099 297 3148 11.
313 3114 340 3160 p.
352 3097 402 3148 hilii
416 3101 443 3146 el
456 3095 570 3155 Photio,
585 3095 678 3157 legun-
728 3099 784 3148 celi
803 3115 851 3163 per
864 3103 965 3148 certum
980 3096 1271 3159 tempuenegotiapu-

135 3176 196 3231 tur,
212 3171 286 3218 recle
303 3167 387 3216 allelu
407 3166 433 3214 iu
446 3164 603 3216 Aristotelei
615 3163 678 3214 libri
728 3167 801 3217 blica
815 3169 976 3222 ouolidiana
988 3172 1085 3216 curant
1098 3169 1125 3214 el
1137 3168 1269 3214 tractent.

133 3235 296 3304 fragmentis
315 3252 332 3286 a
346 3236 376 3286 (I.
392 3238 551 3286 Neomanno
565 3249 628 3298 ρας.
644 3231 679 3283 88
728 3237 791 3288 vid.
811 3237 909 3301 Bergk.
929 3237 970 3285 in:
994 3234 1107 3286 Jahrbb.
1130 3235 1149 3284 s.
1170 3233 1268 3284 Philol.

133 3325 196 3428 ri:
219 3305 534 3440 132222202555322235:
551 3305 679 3452 ‘lulli
729 3303 1270 3434 {1¹2ilelrnl‘lnllhlfllcll}

134 3448 261 3498 evincere
275 3445 416 3502 videnlur,
436 3448 501 3494 anie
514 3440 678 3505 δημάρχους
729 3445 842 3500 hreren.
866 3444 986 3493 offenbar
1008 3441 1196 3505 urspriinglioh
1218 3456 1269 3490 uur

133 3535 158 3571 e.
178 3513 346 3578 cingulorum
368 3513 505 3564 domorum
524 3511 678 3576 praelector
729 3513 914 3578 verpflichlel‚
943 3513 1009 3562 eben
1038 3527 1068 3560 eo
1094 3510 1147 3560 viel
1169 3510 1269 3560 Schlffe

134 3603 153 3636 e
169 3584 322 3644 Olinthum,
343 3589 374 3633 ut
397 3581 508 3644 volunt,
536 3583 678 3632 iuetitnloe
729 3599 789 3633 num
801 3583 885 3642 Kriee,r
898 3599 932 3632 ru
947 3579 1110 3632 elellenund
1123 3579 1268 3630 audieeem

133 3654 249 3706 Athenio
261 3653 345 3704 iuiaee
359 3643 553 3714 ναοκράρους,
567 3653 612 3716 qui
623 3653 679 3700 eiu·
728 3651 818 3704 Behuf
829 3653 971 3702 Beirtener
991 3665 1046 3700 von
1062 3649 1137 3699 ihren
1155 3648 1269 3698 Mitbiir-

132 3725 206 3788 pulis
224 3722 376 3772 nauorerIie
397 3720 580 3785 praefuerint,
602 3721 678 3771 inde·
728 3738 793 3787 gero
815 3722 886 3772 noch
905 3720 1070 3784 hiaaeegebe
1095 3717 1142 3767 dee
1158 3717 1269 3768 Verm'o·

134 3781 677 3860 quoiamaPholioi.l.cumdnpoipzorp
726 3807 792 3848 uene
816 3806 851 3840 τιι
878 3790 1010 3848 erheben‚
1036 3788 1178 3850 gewinnen
1208 3786 1269 3837 eehr

134 3861 332 3929 quodammodo
342 3865 534 3926 comparentur
543 3855 676 3922 (ναύκρα-
726 3859 790 3911 bald
800 3861 1010 3911 entechiedeneu
1020 3859 1139 3909 Einfluae
1152 3856 1205 3905 und
1218 3854 1269 3904 bil-

133 3947 184 3992 ρος
201 3923 233 3980 δὲ
246 3923 349 3980 ὁκοῖόν
365 3945 392 3980 τι
410 3921 425 3978 ὁ
440 3921 611 3994 δήμαρχος),
632 3945 677 3979 eo·
727 3932 779 3980 den
792 3931 853 3981 ciue
868 3930 914 3980 hrt
928 3920 1028 3995 βουλή.
1047 3925 1149 3976 welche
1164 3923 1205 3972 als
1224 3923 1268 3972 die

133 4002 194 4054 dem
207 3999 287 4050 modo
300 4015 353 4064 quo
367 3996 541 4058 ναυκραρίας
554 4013 613 4048 eum
624 3991 674 4059 δή·
726 4001 893 4051 Verlreterin
905 3999 952 4049 dee
963 3992 1198 4048 demolrralieehen
1207 3991 1268 4039 Ele·

133 4085 200 4136 μοις
218 4068 263 4120 ille
282 4069 423 4122 contendil
440 4066 610 4132 (νᾱνκνᾱοία
625 4061 676 4130 μὲν
726 4074 814 4120 mente
837 4071 866 4119 in
883 4069 971 4119 Athen
996 4083 1030 4116 zu
1051 4059 1211 4114 belrachleu
1231 4060 1268 4108 iet

134 4129 239 4190 ὁποῖόν
252 4153 278 4186 τι
292 4129 309 4200 ἡ
321 4137 463 4202 συμμορία
476 4126 549 4185 καὶὸ
562 4133 675 4200 δῆμος).
726 4139 781 4188 und
798 4140 826 4188 iu
845 4138 933 4190 dieser
946 4137 1007 4185 Zeil
1021 4135 1057 4183 im
1075 4127 1268 4182 weecnllichcn

132 4209 242 4262 Etenim
250 4207 323 4261 hunc
335 4211 423 4273 lpanm
433 4207 560 4258 Pholium
573 4221 605 4256 ec
615 4205 675 4256 Pol·
727 4209 770 4258 die
781 4208 863 4259 Stelle
881 4207 1037 4260 eiuninrmt,
1056 4199 1157 4251 welche
1174 4201 1268 4262 epilter

132 4279 221 4330 locem
239 4277 258 4328 l.
279 4275 298 4326 i.
319 4279 342 4328 ei
363 4280 501 4342 sequimur
519 4280 604 4326 lentes
624 4275 676 4325 hac
726 4268 1266 4334 demRathederIOOzugewieeennard.

133 4350 163 4398 in
180 4363 209 4398 re
228 4347 387 4412 primarios,
408 4362 530 4411 quaeque
545 4345 634 4395 tribue
652 4360 675 4395 τ.
725 4337 1266 4398 NiothurdueSeeweacnunddieAue·

132 4408 210 4484 φυλὴ
220 4416 466 4482 comprehendebat
476 4420 604 4482 quattuor
615 4415 676 4464 trit·
725 4419 841 4482 riieluug
857 4415 904 4466 der
921 4413 1056 4486 Reilerei,
1081 4408 1198 4462 eondcrn
1217 4407 1266 4458 dee
