3010 4966
446 371 815 436 TERPSIOHORH.
838 373 877 432 V.
901 383 943 436 55.
966 379 1009 435 56.
1250 371 1289 436 01

152 546 195 620 Ἡ
204 553 347 642 μίννυν
359 547 436 632 ὄψις
449 553 510 619 τοῦ
518 545 696 638 Ἱππάρχου
712 543 874 618 ε’ννπνλόυ
888 537 930 637 ἦν
943 544 1021 636 ἥδε·
1043 542 1081 617 έν
1094 552 1136 638 τῇ
1149 549 1292 640 προτέρῃ
1301 559 1342 621 56

158 659 257 726 νυκτὶ
283 663 351 727 τοῖν
371 662 626 742 Παναθηναίων
657 649 770 724 ἐδόκεε
796 649 814 722 ὁ
834 650 1016 740 Ἵππαρχος
1037 648 1146 742 ἄνθρα
1164 661 1199 725 σί
1223 651 1294 725 ε’πι-

159 761 283 833 στοίντοι
297 765 403 853 μέγαν
417 761 472 829 καί
487 756 617 829 εὐειδέα
632 765 843 830 αἰνίσσεσθαι
857 754 990 826 τάδετὰ
1005 765 1101 827 ἔπεα·

357 895 457 972 Tieion
477 891 551 954 λε’ων
565 885 674 970 α’τλητα
692 882 804 953 παθῶν
817 885 953 969 τετληότιΙ
964 893 1056 976 θυμῷ
1063 915 1070 929 ·
1105 959 1111 974 .

356 987 453 1070 οὐδεὶς
468 989 639 1076 ἀνθρώπων
654 985 767 1082 eldrade
786 995 862 1056 τίσιν
880 984 935 1057 οὐκ
949 989 1088 1056 ἀποτίσει.

160 1127 266 1193 ταῦτα
283 1122 337 1208 dl,
361 1117 405 1202 ὦς
421 1117 521 1210 ἡμέρη
537 1117 667 1209 ἐγένετο
681 1119 832 1209 τάχιστα,
857 1117 1001 1210 φανερὸς
1020 1109 1061 1208 ἦν
1076 1115 1293 1210 ὑπερτιθέμεν

161 1324 215 1384 VI,
231 1321 265 1374 50
280 1323 400 1388 Hippiae
417 1329 480 1389 post
496 1323 592 1374 fratris
611 1338 703 1374 necem
756 1320 864 1372 Griech.
875 1325 898 1386 5.
912 1322 945 1372 51
957 1323 1018 1372 1οτ1ε
1031 1337 1047 1371 a
1059 1325 1116 1372 not.
1126 1321 1166 1372 10.
1188 1322 1296 1374 Etenim

162 1393 336 1458 tyrannidem
361 1394 440 1446 tribur
464 1396 538 1444 uanis
561 1393 704 1452 terminat3
756 1391 789 1440 de
806 1393 900 1456 respuis
920 1391 1135 1454 Panathenaicis,
1158 1409 1245 1459 neque
1264 1392 1297 1444 de

162 1463 276 1514 totidem
288 1463 367 1514 Plato
377 1467 403 1514 iu
413 1463 572 1528 Hipparcho
582 1464 704 1528 perun.
756 1463 858 1527 parvis.
871 1477 1020 1512 sermonem
1031 1462 1076 1512 hio
1091 1477 1159 1525 esse,
1173 1465 1218 1514 vix
1230 1477 1297 1524 opus

164 1531 704 1600 [atqueSohol.AristophaniuLysistr.
757 1537 798 1582 est
818 1531 940 1596 pluribus
961 1531 1097 1583 iudicare:
1119 1533 1190 1582 coni.
1203 1534 1296 1583 Meier.

163 1603 230 1662 1110,
252 1602 298 1652 uhi
315 1593 371 1654 tal
392 1597 447 1668 ἔτη
461 1597 500 1666 μ’,
516 1596 546 1652 σι’
557 1595 588 1651 dl
603 1597 649 1667 d'.]
664 1603 706 1652 ui·
756 1601 1297 1665 iuHrschotGruberiEucyol.Sect.lll.

163 1673 202 1724 hil
216 1671 359 1724 admodum
372 1673 504 1724 Herodoti
517 1681 624 1737 quotuor
635 1675 707 1724 uanis
756 1670 816 1722 Vol.
831 1672 864 1722 X.
878 1687 940 1736 pag.
957 1671 1017 1723 270.
1030 1675 1088 1722 not.
1102 1673 1144 1722 25.
1161 1699 1195 1710 -
1208 1673 1299 1724 Verba

165 1743 331 1806 officientes,
344 1743 422 1794 modo
434 1759 492 1793 cum
504 1743 642 1793 Dodwello
654 1743 706 1792 Au-

165 1813 231 1864 uall.
245 1813 366 1878 Thucyd.
381 1829 443 1878 pag.
455 1817 487 1863 42
499 1821 555 1863 tres
568 1813 668 1878 integri
680 1817 707 1864 et

166 1887 279 1949 quartus
298 1883 440 1934 inchoatus
453 1885 571 1948 Hippiae
589 1891 706 1948 tyranno

165 1957 229 2018 post
250 1953 402 2018 Hipparchi
424 1953 572 2004 violentam
595 1959 707 2004 mortem

165 2021 387 2087 relinquantur.“
419 2025 610 2090 Wcrroliup.
637 2025 707 2074 lliuc

165 2097 240 2143 reete
252 2093 437 2158 Hipparchum
457 2094 629 2144 interiectum
652 2099 708 2144 sta-

166 2166 248 2213 tuunt
265 2179 328 2216 auu.
343 2164 394 2214 511
411 2169 475 2214 ante
489 2165 550 2214 Chr.
571 2181 597 2217 n.
618 2179 709 2213 mense

167 2234 251 2284 ierme
265 2238 405 2294 Auulnio,
423 2239 565 2299 postquam
582 2235 710 2294 regnavit

167 2319 232 2353 auu.
252 2303 320 2354 XIII
339 2307 367 2354 et
383 2306 422 2355 VI
443 2319 556 2364 mansa,
582 2304 709 2367 Hippiam

168 2375 284 2424 eiectum
300 2379 381 2438 atque
396 2373 509 2424 Athenis
526 2373 710 2424 discedentem

168 2444 288 2494 annoti
299 2457 391 2494 meuse
400 2444 550 2509 Septembr.
567 2443 627 2494 Vid.
640 2442 710 2492 Clin-

168 2519 226 2563 tou.
247 2515 322 2564 Fast.
345 2513 451 2564 Hellen.
468 2513 506 2566 11.
528 2529 593 2579 pag.
610 2513 661 2562 220
679 2527 711 2562 ex

169 2585 236 2634 edit.
260 2585 406 2648 Kruegeri.
426 2583 555 2634 ,Boechh
579 2583 607 2632 in
629 2582 710 2648 Corp.

170 2655 256 2704 lusor.
269 2653 380 2704 Graeco.
395 2653 432 2704 11.
446 2669 508 2714 pau.
525 2653 585 2704 318.

205 2723 246 2774 Ad
264 2723 427 2774 locutionem
447 2717 493 2772 ἐπ’
515 2717 576 2772 ἔτεα
599 2715 713 2784 τέσσερα

170 2793 228 2844 rid.
240 2792 326 2844 allata
336 2793 370 2842 ad
379 2795 413 2854 V,
423 2793 467 2844 28.
486 2787 568 2842 ἕσσον
580 2791 643 2842 τ1ει11
652 2806 713 2840 τοττι

171 2867 286 2914 recentt.
295 2863 354 2914 edd.
362 2879 410 2927 pro
421 2847 518 2926 ἧσσον,
530 2863 648 2925 itemque
659 2851 715 2920 πρὸ

171 2930 223 2980 τοῦ
243 2949 291 2996 pro
311 2929 434 2994 auctori,
456 2936 487 2981 ut
505 2932 557 2994 111,
576 2932 624 2991 62;
644 2929 715 2982 coni.

172 3003 308 3052 Knehuer.
327 2999 374 3054 Gr.
393 3003 439 3053 Gr.
459 3001 484 3064 5.
503 3002 568 3062 181,
581 3017 606 3051 a.
643 3001 716 3051 Hinc

171 3077 246 3123 recte
258 3072 387 3137 Hippiam
406 3071 522 3123 Athenis
543 3073 658 3122 eiectum
676 3075 717 3133 ty-

172 3142 367 3207 rannidemque
377 3157 498 3192 aversam
511 3142 544 3191 ad
557 3157 655 3191 sunum
666 3139 717 3190 510

173 3227 200 3262 a.
221 3211 284 3262 Chr.
302 3229 327 3262 u¹
347 3213 468 3262 referunt
485 3211 630 3272 harchem,
649 3211 718 3261 Har-

173 3297 264 3333 maun.
283 3282 301 3333 l.
323 3281 358 3346 1.,
382 3281 439 3335 alii.

363 3403 431 3455 Cae.
451 3401 524 3453 LVI.

203 3482 242 3539 ‘H
257 3485 308 3551 μέν
327 3505 380 3540 ναν
396 3479 465 3544 ὅστις
483 3501 509 3536 τ.
529 3501 552 3539 τ,
574 3483 610 3548 1.]
637 3483 717 3534 Aliud

757 1733 787 1790 ἐν
805 1739 839 1804 τῇ
857 1735 979 1807 προτέρη
996 1735 1076 1790 ννατ1
1091 1739 1148 1791 τοῖν
1160 1741 1299 1806 Παναθη-

757 1809 846 1859 ναίων
863 1811 969 1862 vsleut:
996 1829 1026 1862 ro
1049 1815 1106 1876 ipsa
1123 1821 1207 1874 nocie,
1234 1827 1299 1878 quae

757 1881 989 1931 Pouotleaueorum
1018 1884 1135 1933 solemnio
1164 1883 1301 1940 orrieceditr

758 1951 791 2001 de
809 1951 922 2014 genitivi
941 1953 969 2001 in
989 1951 1091 2003 talibus
1110 1953 1216 2003 ratione
1236 1957 1300 2016 apte

758 2021 862 2069 monuit
884 2018 956 2071 Held
982 2023 1015 2070 ad
1036 2021 1174 2072 Plutarch.
1202 2021 1298 2077 homil.

758 2089 836 2140 Paul.
852 2091 889 2140 10.
901 2105 961 2154 pag.
971 2091 1031 2139 ²21.
1058 2092 1099 2142 De
1108 2106 1158 2142 usu
1167 2093 1242 2142 verbi
1252 2090 1300 2142 do-

759 2163 831 2216 αεῐν,
843 2159 889 2208 uhi
902 2159 934 2209 de
949 2161 1060 2210 somniis
1073 2177 1161 2212 sermo
1172 2169 1222 2216 est.
1238 2179 1302 2213 cou-

761 2229 811 2280 sul.
823 2227 1014 2292 Wytteubach.
1032 2229 1067 2278 ad
1080 2231 1216 2282 Plutarch.
1231 2233 1300 2284 Mor.

761 2300 782 2348 1.
794 2313 855 2362 pag.
864 2299 924 2348 512.
950 2298 1038 2347 Verba
1047 2293 1225 2349 αἰνίσσεσθαι
1236 2295 1303 2351 τάδε

760 2362 795 2416 τὰ
807 2360 874 2416 ἔπεα
888 2367 1014 2432 umbiyyuoa
1027 2383 1114 2417 uersus
1127 2372 1202 2420 edere
1214 2371 1304 2421 reddit

761 2437 909 2488 Blomfield.
937 2437 971 2487 nd
996 2436 1123 2502 Aeschyli
1149 2439 1304 2500 Apameam.

765 2507 840 2568 1081,
853 2507 901 2555 ubi
911 2507 967 2557 vid.
978 2505 1070 2556 allata.
1096 2507 1163 2556 ridd.
1172 2508 1304 2557 Theusur.

763 2577 841 2634 Line.
852 2577 948 2628 Graec.
964 2579 986 2630 1.
1003 2591 1030 2636 p.
1045 2575 1112 2628 1002
1125 2577 1167 2626 ed.
1179 2577 1306 2628 lliudori.

801 2645 895 2709 Τλῆθι
913 2645 982 2694 λε’ων
997 2641 1103 2709 ἄτλητα
1121 2663 1146 2698 τι.
1160 2662 1183 2695 τ.
1198 2645 1235 2712 1.]
1254 2649 1306 2697 llx-

764 2721 822 2767 stat
843 2715 893 2765 hoc
921 2717 1087 2782 epigramma
1114 2717 1140 2766 in
1161 2715 1305 2783 Antholog.

766 2785 942 2839 GCCCLVH.
965 2804 990 2852 p.
1009 2786 1070 2837 215.
1091 2789 1123 2836 T.
1144 2789 1181 2836 lv
1201 2787 1306 2839 lacobs.

767 2855 897 2921 (Bruuolr.
921 2856 1056 2907 Analeott.
1077 2858 1110 2906 T.
1124 2857 1175 2908 Ill.
1193 2873 1218 2921 p.
1234 2855 1306 2917 1411),

767 2927 814 2976 ubi
829 2941 878 2990 pro
896 2916 1005 2975 ἀδικοῖο
1023 2926 1086 2975 115τί
1104 2927 1229 2990 impressi
1245 2920 1306 2975 ddi·

767 3011 842 3054 αιον,
860 2997 930 3062 quod
944 2998 1014 3047 idem
1025 2995 1199 3045 Florentinus
1215 3013 1247 3046 ac
1257 2997 1308 3045 Pa-

768 3066 869 3116 risinus
882 3066 951 3116 liber
964 3066 1033 3116 alter
1044 3065 1071 3114 in
1084 3066 1225 3116 Herodoto
1235 3064 1309 3116 exhi-

767 3136 846 3190 bent:
861 3126 949 3186 miuus
961 3138 1035 3187 recte
1048 3151 1151 3186 meaux
1164 3135 1309 3186 sententia.

769 3205 848 3268 Quod
875 3205 909 3256 ad
928 3207 1016 3270 ipram
1038 3207 1201 3256 seutentiam
1223 3206 1309 3256 altero

767 3277 901 3325 versiculo
929 3291 1084 3340 expressum
1111 3277 1226 3338 attinet,
1257 3289 1310 3341 qua

768 3347 923 3410 quicunque
935 3347 1036 3396 iniuste
1048 3348 1121 3410 agit,
1132 3361 1245 3408 poenam
1258 3361 1312 3396 mc-

767 3415 850 3464 ritum
873 3415 946 3465 haud
967 3415 1083 3479 effugere
1107 3416 1223 3474 dicitur.
1247 3431 1312 3466 voro

768 3483 818 3534 illa
828 3485 987 3536 Herodotea
998 3491 1040 3536 est
1053 3491 1135 3550 atque
1148 3486 1218 3536 inter
1229 3487 1313 3536 Grae-

177 3561 310 3610 somuium
322 3559 406 3610 refert
419 3555 581 3608 Plutarchus
592 3555 634 3604 De
647 3553 716 3604 S.N.
770 3569 817 3604 cos
831 3554 910 3620 vulgo
921 3561 1044 3618 recepta,
1058 3560 1088 3604 ut
1097 3555 1313 3606 monstrautloci

176 3631 210 3680 V.
224 3645 287 3695 pag.
303 3631 391 3682 5550.
407 3655 439 3664 -
456 3627 497 3678 De
510 3624 717 3676 Panathenaeo-
770 3623 849 3673 allati
865 3641 882 3673 a
896 3625 1126 3682 saepenumero:
1146 3625 1315 3676 Nachhome·

176 3715 234 3750 rum
249 3700 334 3760 festo,
353 3714 407 3763 quo
421 3695 595 3762 Hipparchus
609 3695 643 3744 ab
654 3709 719 3743 cou—
772 3693 861 3743 rische
871 3694 1003 3756 Theolog.
1020 3695 1097 3759 p.30.
1124 3693 1202 3746 Coni.
1222 3697 1313 3752 aliam.

177 3770 276 3819 iuratis
293 3769 454 3820 interiectus
469 3772 512 3817 est
530 3769 600 3816 teste
615 3763 722 3825 Thucy·
773 3778 844 3828 quae
861 3766 936 3817 adl.
952 3767 994 3816 ill.
1010 3766 1061 3818 IX.
1076 3766 1108 3816 10
1127 3765 1260 3815 adnotata
1276 3764 1315 3814 lc—

178 3838 242 3890 dide
259 3840 312 3902 V1,
334 3839 367 3889 51
390 3853 481 3902 scqq.,
504 3834 590 3884 multe
613 3831 722 3897 collegit
773 3838 884 3896 guntur.
921 3836 1155 3892 Parouomasiam,
1182 3850 1263 3900 quam
1288 3833 1315 3881 iu

179 3908 297 3960 Schultz.
309 3909 412 3973 Appar.
421 3906 509 3956 critic.
518 3920 579 3970 pag.
589 3903 631 3953 29.
644 3905 721 3952 item·
774 3905 977 3966 epigrammatis
988 3905 1079 3957 verbis
1092 3901 1187 3968 τλῆθι,
1201 3893 1315 3962 ἄτλητα,

181 3995 234 4043 que
252 3982 381 4029 accurate
395 3977 548 4040 disputavit
566 3971 595 4022 0.
610 3974 641 4023 P.
654 3973 722 4022 Hor·
773 3966 899 4037 τετληότι
916 3975 1107 4036 observamus,
1127 3973 1195 4024 bene
1207 3973 1254 4040 [ita
1266 3971 1316 4020 Ln-

180 4063 277 4098 mauu:
297 4045 504 4099 Gottesdieustl.
517 4041 678 4095 Alterthiirn.
695 4041 720 4092 d.
773 4045 831 4096 tine
846 4047 980 4110 expressit
993 4045 1117 4096 Grotius:

333 4162 443 4212 ..l-'oriller
457 4161 511 4202 haec
525 4159 561 4200 leo
574 4161 625 4212 ser,
644 4160 744 4210 quamvis
756 4163 822 4212 seru,
839 4159 924 4210 qrrsudo
937 4161 1057 4211 [croadam
1071 4161 1117 4204 rat,

332 4215 427 4256 iniustos
442 4214 542 4254 homiues
559 4223 608 4252 sero
623 4212 666 4252 tila
681 4224 752 4264 poena
764 4213 890 4264 sequetur.“

216 4309 342 4382 φανερὸς
364 4305 403 4382 ἦν
420 4307 654 4382 ὑπερτιθέμενος]
680 4317 722 4368 Da
779 4313 995 4377 Weaaeliuyr'r'
1015 4309 1048 4360 ad
1070 4305 1317 4374 1τ.1.τετ1)τι)τοῦ

181 4389 264 4440 verbo
282 4379 493 4448 ὑπερτίθεσθαι
514 4387 666 4438 monuimus
687 4387 721 4436 ad
774 4381 987 4446 δεισιδαίμονος
1009 4381 1106 4447 religio
1129 4379 1267 4447 eleganter
1290 4381 1318 4428 iu

181 4459 210 4523 1,
224 4459 251 4510 θ.
272 4459 329 4514 107.
345 4459 439 4522 ihil.
460 4485 492 4496 -
508 4457 631 4523 „Eadem
646 4455 722 4522 (suut
773 4453 957 4526 Theophrasti
974 4451 1053 4508 Char.
1077 4466 1139 4518 cap.
1162 4454 1193 4504 10
1211 4450 1319 4514 expieta
