2986 5014
213 311 274 376 816
351 305 619 372 EXCURSUS
643 307 689 370 IV
726 313 793 371 AD
817 307 1074 374 Huuono'r.
1098 315 1150 390 vi,
1174 323 1218 382 69.

212 482 315 560 βωμὸν,
331 486 357 537 b.
372 503 396 538 e.
411 485 445 537 sd
463 485 641 550 Iovianum,
667 503 735 552 pane
754 487 851 539 estant
872 482 1060 556 maceriam*).
1102 490 1183 553 Quae
1204 490 1228 542 si
1252 500 1348 543 nostro

212 575 271 626 loco
287 573 427 637 adhibeas,
446 570 522 622 dicas
536 570 564 620 in
580 569 718 621 Demarati
733 570 826 622 aborta
841 570 883 623 vel
900 571 1028 641 impluvio
1045 573 1076 642 (i.
1092 593 1117 628 e.
1134 575 1197 627 anla
1215 576 1349 641 subdialiJ

212 669 240 713 at
257 661 319 729 ipso
342 656 440 709 Hercei
464 655 540 706 lovis
561 671 633 707 aram
655 655 787 706 maceriae
801 657 854 726 (τῷ
874 651 969 729 ipsios)
989 665 1094 712 tanatum
1115 677 1169 711 non
1192 661 1349 730 coritignam

212 746 310 799 luisse.
343 743 397 794 lam
414 757 474 792 cum
488 740 584 792 ibidem
601 739 744 792 Astrabaci
759 741 851 792 herois
874 741 1002 795 sacellum
1017 741 1133 797 locatum
1149 745 1259 798 dicatur
1272 741 1349 816 nupsi

211 833 273 904 τῇσι
289 821 412 898 αὐλείῃσι
424 819 538 896 θύρῃσι,
556 825 575 877 i.
592 843 616 876 a.
632 823 667 876 ad
680 819 802 892 ἑρκείους
815 819 919 888 adina:
935 837 1149 882 consentaneum
1164 837 1208 882 est
1223 821 1349 899 credere,

212 919 279 970 lonis
294 915 387 968 llercei
401 929 478 964 aram
498 913 611 963 locutam
626 911 713 980 faisse
734 912 763 963 in
778 913 852 978 aulo,
876 923 902 966 et
922 915 1025 980 quidem
1046 917 1079 968 ab
1095 916 1182 970 altero
1194 925 1275 986 parte
1294 920 1349 970 eius

209 1011 314 1076 portua,
330 1017 397 1068 perne
411 1017 460 1068 per
474 997 616 1048 maceriam
632 999 711 1049 aulos
723 997 750 1048 in
765 997 833 1048 niam
848 999 966 1066 patebat,
981 1001 1088 1053 isarnum
1104 1011 1193 1055 autera
1211 1005 1351 1056 Astrabasr'

211 1092 290 1143 α’λιιιιι
302 1088 387 1156 saissa
401 1093 427 1136 ct
441 1085 526 1152 ipsam
540 1081 567 1133 in
583 1083 657 1149 aulo,
673 1083 782 1148 itemque
798 1084 830 1132 ab
841 1083 954 1136 eiusdem
968 1094 1064 1153 portae
1076 1095 1154 1154 porte
1168 1089 1255 1140 ultera
1270 1087 1304 1157 (i.
1320 1105 1346 1140 e.

212 1171 346 1246 opposito)
362 1173 416 1236 ita,
436 1177 467 1220 nt
481 1167 610 1220 introrsus
628 1176 653 1219 ολ
674 1167 790 1236 luppiter
812 1176 837 1220 ct
857 1169 933 1220 lleros
954 1159 1085 1237 ntrlrnpne
1105 1171 1206 1224 aditura
1225 1183 1347 1226 teneant

211 1272 237 1316 et
253 1259 329 1329 qnasi
344 1261 504 1310 tutarentur.
549 1251 589 1317 Ac
602 1250 778 1320 pertinebant
800 1251 848 1302 bae
870 1252 1017 1322 religiones
1033 1271 1093 1306 eum
1113 1255 1146 1306 ad
1169 1257 1347 1308 securitatem

211 1345 318 1400 aedium
339 1341 507 1411 privatarum
528 1343 584 1387 tum
606 1335 641 1386 ad
660 1335 841 1388 sanctitatem.
877 1337 915 1389 lta
934 1339 1044 1406 quarrdo
1067 1339 1193 1392 Heraeus
1219 1340 1347 1410 luppiter

211 1431 341 1484 Italorum
358 1424 499 1478 Penatibus
514 1427 623 1489 poterat
637 1421 777 1472 accenseri
793 1420 863 1490 (vid.
880 1421 915 1473 ad
931 1422 983 1490 Vl,
998 1424 1061 1491 118),
1087 1424 1246 1492 gentilicius
1263 1426 1347 1478 beros

211 1515 379 1570 Astrsbscus
396 1505 572 1562 barisiacum
594 1505 724 1557 sustinet.
769 1505 852 1558 Haud
874 1507 957 1560 dubie
979 1507 1049 1560 enim
1070 1509 1096 1560 in
1122 1509 1210 1562 sacris
1227 1509 1347 1580 privatis

211 1600 290 1652 valde
304 1599 439 1664 cognatus
457 1593 529 1644 inter
545 1607 575 1642 se
594 1589 647 1641 luit
662 1589 753 1642 cultus
769 1607 847 1642 sacer
863 1599 984 1645 veterum
1000 1593 1170 1662 populorum,
1188 1611 1260 1664 quos
1276 1595 1347 1647 dixi-

210 1703 279 1738 mus.
310 1683 374 1745 Qua
395 1679 429 1730 de
453 1695 482 1730 re
507 1674 586 1744 plura
607 1675 710 1726 contuli
726 1675 752 1726 in
771 1676 879 1728 Anninll.
896 1677 1074 1746 Heidelberg.
1100 1681 1176 1732 1817.
1194 1697 1237 1730 nr.
1253 1682 1299 1732 78.
1317 1699 1345 1750 p.

212 1773 279 1825 1236
294 1785 353 1836 seq.
385 1761 506 1816 liicalis
524 1759 643 1828 paucula
662 1760 805 1812 subiiciam
825 1762 1014 1814 coniunctiora
1035 1779 1094 1816 cum
1110 1763 1270 1816 Herodoteo
1297 1765 1347 1817 bac

209 1859 379 1925 argumento.
403 1849 445 1901 Ad
459 1845 634 1900 securitatem
645 1844 731 1912 igitur
746 1853 853 1914 spectat
867 1845 943 1914 illud,
956 1849 1029 1916 qnod
1045 1847 1109 1900 alibi
1121 1851 1240 1920 luppiter
1251 1852 1347 1904 Custos

209 1959 269 1996 cum
289 1943 357 1993 bare
378 1931 523 2003 copulatur
546 1929 751 2000 perettrlbnta,
780 1948 806 1982 r.
825 1948 848 1982 c.
866 1932 1201 2000 peradiunctnmeonern.
1241 1935 1346 1988 ltsills

209 2026 335 2097 luppiter
349 2021 450 2074 fulmen
468 2025 567 2069 terrem
580 2015 730 2068 accubante
746 2033 813 2066 canc
833 2017 934 2069 visitur
955 2007 982 2069 ln
1003 2017 1116 2071 lucerna
1131 2019 1284 2088 sepulcrali
1299 2037 1344 2090 ap.

210 2109 359 2166 bartolot
380 2102 526 2157 llellorium
545 2100 572 2152 in
588 2101 707 2154 Lucern.
727 2099 863 2168 sepulcbr.
887 2109 957 2170 part.
975 2103 1012 2154 ll.
1028 2121 1055 2173 p.
1075 2107 1099 2157 l.
1129 2103 1250 2156 Laribus
1273 2105 1346 2158 enim

210 2199 245 2250 ob
260 2197 339 2251 lidsm
354 2188 504 2244 custodiam
518 2185 740 2238 attribuebantur
754 2202 847 2237 canes.
876 2185 939 2238 Vid.
959 2188 1125 2257 scriptores,
1142 2205 1212 2258 ιμιοι
1232 2188 1345 2242 laudari

210 2284 242 2335 ad
265 2281 355 2334 Cicer.
378 2275 411 2327 de
427 2273 463 2326 N.
480 2272 515 2324 D.
533 2271 569 2336 ll,
584 2275 627 2324 27.
653 2289 679 2339 p.
695 2271 746 2324 315
766 2277 795 2322 et
816 2271 848 2322 ad
864 2271 916 2337 lll,
932 2274 975 2324 25.
999 2291 1026 2342 ρ.
1046 2277 1107 2328 633.
1143 2275 1302 2329 sanctitatis
1320 2285 1347 2328 et

209 2367 335 2422 castitatis
349 2375 434 2431 supra
453 2356 499 2427 [ad
518 2354 564 2422 Vl,
579 2357 636 2423 ns]
651 2355 814 2408 mentionem
828 2355 958 2423 lecimus,
982 2357 1027 2409 ubi
1050 2359 1267 2428 quaerebamus,
1296 2377 1346 2412 cur

209 2455 243 2507 ad
259 2443 449 2520 Hercei‚lovis
464 2458 538 2494 aram
554 2448 642 2494 ortum
656 2456 735 2492 suum
753 2439 910 2522 exploraret
924 2441 1096 2497 Demaratus.
1137 2443 1236 2520 Neqnp
1252 2445 1346 2498 minus

209 2535 356 2592 earundem
371 2529 533 2598 religionum
555 2525 662 2594 legibus
677 2525 870 2578 continebatur
890 2519 908 2596 ἡ
930 2523 1056 2596 οἰκουρία
1079 2530 1255 2596 seminarum,
1283 2547 1345 2582 cnm

209 2629 288 2692 septo
305 2616 436 2674 excedere
450 2615 534 2684 inque
549 2611 618 2663 viam
634 2610 745 2680 prodire
758 2611 871 2664 boneste
887 2629 941 2662 ιιοιι
959 2621 1073 2681 possent
1086 2613 1224 2667 mulieres.
1251 2614 1343 2677 Quam

209 2725 264 2762 rem
277 2703 369 2773 attigit
380 2699 510 2752 Valclren.
527 2697 561 2749 ad
576 2696 679 2748 Herod.
695 2695 748 2762 lV,
762 2699 820 2748 111.
853 2697 912 2747 Clr.
926 2697 1081 2766 Boettiger:
1110 2699 1159 2750 Die
1172 2697 1342 2752 aldobrand.

208 2793 311 2847 Hocbz.
330 2809 356 2860 p.
374 2789 422 2841 134
439 2791 467 2837 et
480 2787 603 2834 annotat.
627 2787 713 2832 nostr.
731 2780 765 2832 ad
780 2780 902 2832 Musunii
918 2781 1014 2849 fragm.
1031 2783 1056 2834 in
1073 2783 1153 2835 Stud.
1169 2783 1218 2835 lv.
1236 2803 1262 2854 p.
1283 2787 1342 2838 130.

207 2880 292 2932 Nunc
310 2876 337 2928 in
353 2867 475 2926 clausola
489 2865 630 2917 Herodoto
645 2865 787 2932 applicabo
809 2864 874 2917 illud
891 2865 1037 2920 Menandri
1054 2869 1152 2938 positae
1172 2869 1246 2938 npnd
1262 2869 1341 2921 Stob.

208 2965 295 3018 serm,
314 2979 338 3014 c,
358 2959 405 3012 163
428 2950 483 3022 [vel
498 2949 591 3018 potins
607 2947 663 3000 Tit.
678 2949 800 3019 LXXIV,
821 2951 875 3019 ll.]

416 3055 482 3120 τούς
495 3061 709 3128 adraonensis
724 3051 810 3126 ὅρους
822 3053 1005 3129 ὑπερβαίνεις
1021 3059 1103 3128 γύναι

416 3123 1109 3200 διὰιὴναυλοὶν·πέραςγὰραῦλειοςθύρα

361 3239 365 3253 .
415 3197 551 3272 ἐλευθέρᾳ
566 3199 710 3268 γυναικὶ
725 3195 866 3266 νενόμιον’
884 3198 985 3263 οἰκίας.

416 3268 478 3326 nit
498 3266 661 3324 ἐπιδιώκειν
676 3271 717 3331 είς
728 3289 756 3322 τε
770 3269 823 3340 τὴν
837 3266 909 3324 ὁδὸν
922 3270 1030 3338 τρέχειν

414 3339 454 3396 ἔτι
467 3339 701 3412 λοιδορουμένην,
716 3338 803 3402 κυνός
815 3339 867 3393 ἐστ’
880 3336 1080 3409 scnemata.

207 3461 262 3515 Cui
276 3459 335 3511 loco
353 3453 464 3509 similem
475 3451 599 3506 Philonis
615 3453 649 3506 de
661 3453 827 3523 specialibus
844 3452 951 3520 legibus
969 3453 1008 3520 [p.
1020 3453 1081 3504 803.
1099 3449 1144 3517 C.]
1161 3447 1252 3500 iunxit
1266 3465 1341 3516 mag-

206 3564 260 3600 nus
287 3542 414 3596 Valesius
441 3540 475 3592 ad
501 3539 617 3592 Ensebii
635 3539 741 3592 ilistor.
761 3538 909 3590 Constant.
922 3536 974 3603 IV,
996 3541 1021 3589 7.
1048 3553 1076 3605 p.
1092 3535 1158 3602 568,
1185 3533 1233 3586 ubi
1260 3533 1342 3587 etiarn

203 3630 344 3697 οἰκουρίας
359 3627 463 3680 diserta
477 3618 664 3692 mentio.“**)
685 3653 719 3663 .-

274 3831 303 3894 *)
318 3828 352 3896 [u
366 3827 554 3878 Laurentiano
565 3824 674 3886 codiee,
698 3821 745 3887 qui
757 3837 828 3872 unus
850 3817 1120 3882 omnium'aodieam,
1142 3818 1189 3884 qui
1202 3815 1342 3883 Apollonii

206 3901 316 3956 Scholia
327 3899 477 3959 continent,
489 3896 551 3947 lons
566 3911 626 3947 esse
640 3893 804 3958 perhibetur,
816 3891 883 3943 baec
899 3893 984 3943 verbs
996 3892 1036 3942 sic
1046 3903 1133 3954 nuper
1146 3887 1233 3940 edidit
1242 3887 1343 3939 Heari-

205 3989 255 4025 aus
271 3971 388 4023 Kailios:
414 3957 534 4030 Δανοίην
552 3957 584 4014 δὲ
596 3961 750 4028 καταφέρει
767 3957 820 4012 οὐν
837 3959 875 4027 τῷ
893 3958 976 4010 παιδί
987 3952 1034 4010 ἐπὶ
1054 3953 1106 4009 τὸν
1118 3949 1177 4008 ὑπὸ
1195 3953 1228 4007 sd
1241 3950 1342 4020 ἑρκίον

205 4034 392 4105 eructanda.
410 4036 469 4102 Ba]
669 4080 722 4096 Α
1333 4096 1340 4108 .

275 4111 322 4177 **)
338 4108 418 4176 [add.
436 4107 544 4172 Synesii
565 4104 582 4152 l·
782 4099 835 4150 rid.
857 4117 884 4165 p.
908 4100 958 4152 105
976 4099 1020 4163 0.,
1037 4113 1117 4163 quam
1136 4096 1171 4147 sd
1194 4095 1341 4148 bleusadrs

205 4185 291 4236 verbe
316 4189 380 4247 apte
400 4177 497 4229 attulit
511 4176 562 4227 Me'
814 4172 913 4250 'amice
926 4171 982 4250 JV.
998 4184 1031 4246 ⁸p.
1052 4167 1341 4246 lli.):luasrp'euim

205 4253 326 4304 milliaris
343 4251 471 4301 virtutem
487 4263 542 4299 esse
846 4255 878 4288 su
892 4251 963 4302 pase
975 4253 1007 4290 so
1025 4251 1105 4301 οωμα
1117 4251 1186 4302 pass
1201 4251 1232 4286 so
1244 4249 1342 4301 ονομα

74 4326 96 4327 ’
180 4370 188 4395 ,
205 4315 295 4390 αὐτῆς
310 4315 446 4386 διαβῆναι
462 4311 538 4384 aava
