3010 4966
218 325 277 386 176
647 315 917 381 HERODOTI

213 497 359 585 χιαόίων
378 491 443 581 γὰρ
456 487 569 572 οὐδεὶς
590 490 691 582 ἤθελε
706 499 826 582 γῆμαι,
847 504 932 581 ίσχει
947 485 1115 561 Ἠετίωνὸ
1132 489 1352 580 Ἐχεκράτεος,

214 599 321 688 δήμου
334 599 397 687 μὲν
418 594 455 667 ἐκ
468 601 599 684 Πέτρης
613 593 697 684 ἔων,
721 595 804 684 ieie
822 595 862 665 τὰ
884 594 1055 666 ἀνέκαθεν
1068 604 1226 683 Λαπίθης
1241 623 1277 664 τε
1295 599 1352 665 καὶ

213 708 411 789 Καινείδης·
441 696 478 770 e'x
494 705 579 770 3ὲοὶ
595 699 715 788 ταύτης
728 706 785 789 τῆς
799 698 958 788 γυναικὸς
971 695 1048 768 οὐδ’
1064 696 1098 782 ἐξ
1111 697 1213 788 ἄλλης
1232 704 1352 780 παῖδες

215 900 281 969 peip
298 893 416 958 ίοιτως·
439 889 488 948 διὰ
503 895 587 948 τοῦτο
604 893 652 948 sul
664 890 757 966 Δᾰμβ-
806 899 843 948 st
856 901 903 949 rix
915 899 998 949 elium
1013 899 1058 949 hic
1080 899 1196 964 intelligi
1211 914 1292 963 posse
1308 915 1351 950 re—

214 971 253 1021 δα
279 971 345 1036 (elii
369 972 517 1035 scriptores
544 963 657 1035 Λάβδα,
683 968 755 1034 qnod
805 969 1050 1034 gionemcredum,
1069 985 1150 1034 qnsm
1167 985 1236 1032 quse
1254 969 1349 1018 indes

214 1043 285 1092 idem
314 1041 374 1103 est)
400 1033 525 1088 ἐκαλεῖτο
555 1029 573 1102 ἦ
602 1031 674 1102 γονὴ
703 1033 755 1102 μὲν
806 1039 1007 1089 Cenchreernm
1025 1051 1107 1103 portu
1123 1040 1158 1088 sd
1173 1053 1248 1088 msre
1263 1040 1350 1103 porri·

210 1103 374 1173 Ἠετίωνος,
393 1102 486 1173 μήτηρ
503 1103 685 1177 δὲῠΚυψέὶον
704 1105 757 1156 τοῦ
806 1110 881 1173 gitur
900 1124 949 1158 οτι
962 1107 1118 1172 Argolidem
1139 1123 1250 1168 versus,
1273 1109 1348 1158 sexis

215 1177 367 1244 Κορίνθου
382 1171 535 1240 τυράννου.
556 1179 625 1227 Nem
642 1179 672 1227 in
685 1180 756 1227 clau-
805 1179 962 1242 praeruptis
983 1177 1119 1242 celsisque
1130 1178 1247 1226 maxime
1262 1177 1349 1241 reple-

213 1254 264 1300 due
276 1249 373 1299 metris
386 1249 524 1299 mentione
537 1249 678 1298 tesserarii
689 1247 756 1311 quid
805 1253 845 1309 tu,
859 1255 890 1297 nt
903 1253 1014 1297 nostroe
1027 1262 1133 1312 qnoque
1149 1247 1251 1297 eetutis
1272 1263 1348 1310 pere-

213 1321 321 1370 videtnr
332 1320 437 1376 inesse,
452 1318 486 1367 de
500 1333 553 1382 qno
568 1317 623 1366 rid.
636 1321 707 1368 nott.
719 1318 753 1376 V,

213 1387 258 1439 92.
271 1393 296 1452 5.
314 1391 339 1438 5.
366 1387 408 1436 Ci.
423 1388 505 1436 etism
518 1386 551 1435 de
569 1386 621 1435 hoc
637 1387 754 1447 nomine,

214 1473 284 1523 quoe
305 1456 419 1521 protulit
439 1455 609 1504 Hsmscker:
637 1454 754 1507 Miscell.

213 1527 359 1578 Phoenice.
373 1541 436 1590 ρος.
451 1523 495 1575 33.

249 1589 356 1658 ταύτην
374 1621 409 1631 -
428 1593 499 1655 ἴσχει
516 1581 632 1639 Ἠετίων
650 1583 755 1656 ὁἘχε·

214 1662 341 1730 κράτεος]
366 1665 485 1724 Puncto,
504 1660 575 1726 qnod
591 1660 673 1725 vulgo
691 1666 755 1725 pest

214 1735 282 1785 haec
295 1733 378 1785 verbs
389 1733 512 1798 ponitur,
524 1729 613 1779 deleto
622 1732 753 1781 minorem

214 1805 407 1855 substituimus
432 1801 644 1851 distinctionem.
681 1796 753 1863 ίοχει

214 1875 289 1924 vslet
309 1875 461 1922 manmena
479 1870 528 1920 ribi
546 1871 641 1929 iun-tri,
661 1871 753 1926 lenuit,-

214 1951 246 1994 nt
262 1944 320 2005 iil,
338 1941 380 1992 31.
410 1941 471 1992 Alio
490 1953 571 1990 sensu
593 1939 626 1988 de
642 1940 753 1989 muliere

213 2013 328 2078 grsvids
342 2004 415 2075 ἔχειν
427 2011 461 2072 V,
473 2011 505 2060 41
520 2007 582 2058 coll.
594 2007 648 2070 lli,
661 2007 695 2059 32
708 2009 752 2057 tin.

215 2111 248 2119 -
267 2083 359 2132 Aetion
376 2074 499 2145 (Ἀετίων
517 2080 589 2129 enim
606 2077 706 2128 dicitnr
723 2079 754 2128 in

213 2155 379 2218 Fragmento
392 2149 479 2202 Nicol.
499 2150 664 2198 Dsmsscen.
681 2145 701 2198 l.
720 2147 752 2210 1.)

213 2222 290 2272 hicce
303 2219 517 2271 Bocchisderum
531 2217 564 2267 sd
576 2225 694 2282 gentem,
707 2232 753 2282 pe-

213 2307 262 2342 nes
275 2307 355 2357 quem
368 2295 425 2340 tum
438 2289 568 2352 temporis
582 2302 687 2337 summe
704 2303 753 2351 po-

213 2367 301 2412 testas
325 2363 352 2410 in
366 2375 396 2410 re
415 2358 526 2425 publice
540 2356 752 2418 Corinthiorum,

212 2431 286 2482 houd
304 2431 445 2496 pertinuit,
464 2443 552 2493 neque
571 2442 634 2477 vero
659 2427 754 2478 humili

212 2503 299 2566 stirpe
313 2507 395 2551 nstue
412 2505 488 2558 eret,
507 2499 555 2548 sed
573 2511 658 2561 genus
671 2499 753 2547 duce-

212 2573 260 2622 bat
271 2586 304 2620 ex
312 2570 505 2635 antiquissimu
514 2577 604 2632 gente,
611 2582 680 2631 quue
690 2567 754 2616 stir-

212 2635 753 2770 {ittitztzlzssttliilztlt,³:23

212 2778 283 2826 enim
296 2778 367 2824 inter
379 2777 494 2825 maiores
506 2773 616 2834 hebuit,
630 2781 661 2822 ut
676 2774 711 2823 ed
725 2774 752 2823 h.

212 2845 230 2898 l.
242 2843 539 2906 ennotutWesseling,
549 2842 692 2904 Melonem,
705 2845 754 2908 qui

212 2929 268 2964 une
280 2929 340 2964 cnm
354 2913 433 2962 Alete
445 2913 602 2962 Corinthum
621 2927 753 2976 occupes·

212 2999 242 3033 se
254 2983 354 3044 fertur,
375 2989 445 3033 teste
458 2983 576 3032 Pansae.
589 2981 633 3041 ll,
649 2983 673 3030 l.
692 2985 716 3045 ξ.
735 2985 751 3032 4

211 3052 274 3104 coll.
289 3054 327 3114 V,
345 3051 385 3101 18.
399 3056 424 3115 ξ.
440 3053 466 3099 2.
491 3052 580 3114 Atque
592 3048 684 3101 Aletes
697 3053 753 3116 pri-

212 3138 283 3172 mum
292 3120 401 3186 Cypseli
416 3125 523 3186 gentem
538 3119 648 3170 oraculo
659 3121 751 3171 edmo-

211 3193 287 3242 nitns
300 3193 328 3240 in
339 3191 431 3240 urbem
444 3191 565 3255 recipere
575 3189 677 3252 noluit,
687 3196 750 3255 post

211 3277 276 3311 vero
289 3259 394 3311 orscnli
405 3263 464 3312 sive
475 3264 615 3310 immemor
631 3262 690 3311 sive
704 3276 750 3310 ne-

210 3330 315 3396 gligens
324 3346 382 3380 esm
392 3333 504 3396 recepit,
515 3345 584 3396 quse
593 3329 681 3394 ipsius
688 3329 749 3380 Ale-

211 3406 257 3450 tee
273 3409 398 3465 posteros
420 3402 484 3451 dein
504 3401 617 3464 imperio
637 3399 747 3451 deiecit.

211 3469 253 3522 Cf.
268 3469 297 3520 C.
312 3469 345 3521 Ο.
359 3470 481 3520 Mueller.
497 3471 563 3519 Dor.
582 3469 604 3518 1.
624 3484 687 3535 pag.
703 3469 748 3520 87.

245 3531 339 3602 δήμου
351 3531 402 3600 μὲν
418 3530 448 3588 ἐκ
466 3537 577 3602 Πέτρης
589 3530 658 3600 ἐών,
676 3533 747 3602 ἀτὰρ

209 3603 245 3658 τὰ
261 3603 403 3658 ἀνέκαθεν
415 3606 551 3671 Λαπίθης
567 3620 596 3655 τε
615 3605 663 3658 nul
678 3609 748 3657 Kot-

210 3674 323 3742 νείδης]
357 3677 407 3726 iiis
424 3676 515 3727 verbis
530 3676 645 3726 indicari
666 3683 748 3742 putet

209 3746 398 3798 Wuehsmuth.
423 3746 530 3796 Hellen.
550 3747 746 3800 Alterthumsh.

209 3817 246 3868 11.
259 3833 285 3882 p.
297 3815 348 3868 393
363 3832 435 3880 seq.‚
450 3831 503 3880 quo
514 3821 671 3880 contemptu
682 3817 747 3866 olim

209 3889 312 3938 rustice
326 3889 385 3936 vite
396 3887 544 3948 rusticique
560 3885 680 3936 homines
699 3886 747 3935 hu-

209 3958 260 4008 biti
279 3957 395 4018 inerint,
410 3969 469 4002 cnm
489 3953 562 4018 spntl
575 3955 662 4004 Dores
675 3956 746 4019 opti-

209 4033 295 4078 mates
304 4026 364 4076 mm
374 4030 400 4074 et
411 4039 456 4073 rus
467 4024 507 4072 its
517 4024 571 4073 sibi
584 4031 746 4088 opponetur,

209 4102 240 4146 ut
253 4099 280 4146 in
296 4096 344 4146 ills
357 4093 459 4144 demini
468 4093 531 4156 ipsi,
544 4094 572 4142 in
580 4093 631 4143 hoc
641 4095 746 4158 perioc-

209 4166 235 4214 ci
248 4165 373 4216 hebitere
386 4163 521 4212 dicentur.
551 4163 593 4211 De
612 4178 679 4212 voce
697 4159 745 4226 3η-

207 4246 264 4294 μου
277 4235 349 4284 coni.
365 4237 435 4284 nott.
449 4231 484 4281 ed
497 4231 539 4281 111
548 4231 602 4294 ‚55
616 4237 644 4281 et
664 4225 745 4281 edroi

804 1320 958 1382 grinstores
984 1321 1107 1366 uerrunt.
1136 1317 1240 1365 Petram
1257 1316 1348 1366 vicum

805 1389 833 1436 iu
846 1393 976 1436 montone
989 1385 1171 1434 Tenenturum'
1184 1387 1295 1449 regione
1310 1387 1347 1434 si-

804 1463 862 1506 tum
876 1456 963 1506 videri
978 1461 1069 1504 monet
1083 1455 1208 1504 Curtius:
1226 1456 1282 1504 Der
1295 1456 1349 1506 Pe-

803 1525 944 1590 loponnes.
965 1526 1002 1574 11.
1024 1540 1085 1589 pag.
1102 1524 1163 1575 597.
1180 1551 1215 1560 -
1232 1523 1263 1572 Si
1280 1540 1346 1574 vero

804 1594 919 1658 Lupitla
931 1599 959 1644 et
973 1595 1084 1643 Caenida
1098 1595 1151 1642 luit
1160 1594 1270 1652 Aition,
1282 1609 1347 1644 con·

804 1679 920 1728 sequens
931 1669 973 1713 est
985 1671 1089 1727 putrem
1103 1669 1153 1713 ent
1166 1679 1247 1714 evum
1260 1663 1346 1714 hebn-

804 1735 859 1784 isse
872 1733 1018 1792 Caeneum,
1033 1734 1079 1798 qui
1091 1732 1245 1782 Pirithoum
1258 1735 1286 1782 in
1298 1749 1346 1798 pn·

805 1819 860 1867 gns
876 1817 938 1852 enm
957 1803 1100 1852 Centsuris
1125 1802 1250 1864 adiuvit,
1274 1808 1345 1853 teste

802 1873 922 1922 Psussn.
937 1873 970 1934 V,
985 1871 1027 1921 10.
1040 1873 1106 1934 §.2
1130 1871 1183 1922 Est
1193 1877 1300 1934 entem,
1314 1879 1346 1922 nt

802 1943 902 2005 Heynii
924 1947 986 1990 nter
1008 1941 1097 1989 verbis
1119 1941 1289 2004 (Observett.
1308 1942 1345 1990 sd

803 2011 960 2076 Apollodor.
974 2011 1003 2068 1,
1016 2010 1043 2074 9,
1061 2011 1101 2061 16.
1116 2025 1179 2075 psg.
1197 2009 1242 2076 73)
1255 2011 1344 2061 nobile

803 2096 901 2130 nomen
912 2081 1025 2130 Caeneus
1042 2075 1205 2143 (Καινεύς),
1221 2079 1296 2130 Blsti
1312 2080 1343 2129 ii-

802 2149 871 2208 lins;
890 2165 968 2214 quern
985 2164 1111 2198 nuscum
1124 2149 1289 2213 Polyphemo
1302 2151 1344 2199 in-

804 2225 845 2270 ter
858 2219 1007 2284 superioris
1021 2219 1122 2268 eetetis
1134 2219 1231 2268 heron
1244 2219 1343 2269 Nestor

804 2290 911 2339 iuvenis
925 2288 1041 2348 videret,
1053 2292 1125 2336 teste
1133 2289 1244 2338 Homer.
1258 2289 1303 2338 lli.
1319 2289 1342 2351 l,

804 2360 869 2421 264,
885 2358 931 2408 ubi
943 2357 1017 2407 coni.
1034 2355 1127 2408 Schol.
1154 2358 1207 2420 Qui
1219 2358 1342 2408 Caeneus

803 2445 863 2479 eum
874 2429 933 2492 ipse
942 2425 1121 2492 Lapitharum
1135 2444 1149 2476 e
1163 2429 1248 2492 stirpe
1261 2433 1343 2490 esset,

801 2503 927 2619 :illst
940 2493 1343 2631 littit‘ltlittllltj

802 2637 924 2688 lemilise
942 2637 1110 2685 notetionem
1131 2651 1191 2687 esse
1211 2637 1341 2686 additum.

803 2709 893 2770 Atque
913 2706 975 2755 inde
994 2705 1122 2770 colligere
1139 2705 1247 2756 videtur
1261 2705 1291 2754 C.
1307 2704 1341 2754 Ο.

801 2775 924 2826 Mueller.
941 2776 1006 2825 Dor.
1025 2775 1046 2824 1.
1061 2790 1124 2840 pug.
1142 2775 1191 2836 85,
1206 2775 1296 2839 prisco
1308 2789 1342 2823 ex

801 2851 923 2909 ternpore
936 2843 1059 2895 Corinthi
1073 2845 1127 2894 ium
1146 2845 1232 2895 fnisse
1247 2848 1342 2909 gentes

801 2914 906 2965 nobiles
919 2921 1000 2980 stqne
1014 2915 1145 2978 insignes,
1162 2929 1231 2980 quae
1247 2913 1343 2962 Dorici

801 2984 907 3050 generis
922 2983 1032 3033 minime
1049 2984 1160 3042 inerint,
1173 2985 1221 3034 sed
1232 2981 1342 3032 aliunde

801 3055 948 3119 ingressae.
975 3079 1008 3088 —
1032 3053 1085 3102 Pro
1110 3052 1182 3118 vulg.
1199 3049 1343 3114 Καινίδης

800 3123 899 3173 Aldine
912 3127 940 3174 et
953 3123 1005 3172 duo
1016 3122 1119 3172 Peries.
1135 3121 1213 3173 codd.
1227 3117 1341 3170 Καινεί-

801 3189 863 3256 δης,
880 3192 951 3256 qnod
963 3191 1064 3240 arridet
1077 3192 1207 3258 Apetsio,
1219 3205 1279 3242 cum
1294 3189 1342 3240 de·

800 3262 915 3320 scendet
927 3278 944 3312 s
960 3261 1100 3326 primitivo
1113 3255 1244 3317 Καινεύς.
1260 3259 1341 3310 'Inde

799 3337 915 3382 recenti.
930 3331 989 3382 edd.
1004 3329 1055 3381 hoc
1075 3335 1251 3396 receperunt,
1270 3345 1339 3395 quos

800 3417 832 3452 eo
845 3403 931 3467 magis
947 3405 1058 3450 secutus
1073 3416 1148 3465 snm,
1164 3400 1236 3464 qnod
1256 3414 1339 3463 snprs

799 3473 832 3533 V,
845 3472 878 3521 65
892 3469 921 3518 N
922 3466 1026 3519 sicidae
1042 3485 1149 3535 qnoque
1162 3469 1262 3534 legitur
1272 3469 1340 3518 eliu·

800 3555 851 3605 que
863 3539 1017 3590 huiusmodi
1033 3539 1111 3603 pluro
1132 3543 1278 3589 occurrunt
1291 3553 1340 3587 no·

799 3605 1338 3735 mihlhttll'z‘.¹³-¹.²‘¹tl.te¹.⁹l·

798 3763 821 3795 τ.
839 3746 875 3814 1.]
909 3695 1060 3800 Βίοοοάιιίίι
1077 3694 1187 3813 prgpriye
1206 3747 1292 3798 luisse
1308 3736 1339 3794 ln

798 3811 831 3866 δέ
848 3813 878 3866 ot
899 3810 980 3866 ouidi
1010 3811 1115 3879 ταύτης
1131 3814 1181 3881 τῆς
1204 3807 1339 3879 γυναικὸς

799 3877 874 3936 οὐδ’
887 3876 915 3946 ἐξ
929 3878 1015 3949 ἄλλης
1028 3883 1129 3942 παῖδες
1142 3878 1280 3950 ἐγίνοντο,
1291 3885 1339 3934 ob·

798 3961 890 4006 servet
908 3955 1129 4021 Schweigheens.
1165 3955 1208 4005 Τιι
1226 3955 1280 4006 vicl.
1303 3953 1337 4004 de

797 4027 898 4075 omissa
919 4027 946 4074 in
966 4026 1050 4089 priori
1075 4025 1194 4075 membro
1217 4025 1338 4089 partion-

797 4095 824 4144 le
842 4095 960 4160 negandi
979 4109 1048 4159 qnae
1067 4096 1187 4145 citantur
1207 4081 1336 4144 eMcttls.

796 4163 842 4214 (ir.
852 4165 897 4215 Gr.
911 4166 937 4227 ᾗ.
949 4164 1008 4213 609.
1017 4181 1043 4229 p.
1054 4165 1118 4214 1227
1131 4169 1159 4215 et
1172 4164 1207 4214 eb
1218 4163 1336 4227 Apetzio

796 4233 830 4283 ed
839 4232 964 4297 Euripid.
978 4233 1118 4286 Phoeniss.
1130 4234 1190 4284 892.
1202 4247 1264 4298 pag.
1277 4233 1335 4283 171.

206 4293 349 4352 ἀνέκαθεν
363 4307 432 4352 nott.
451 4301 591 4364 edV,55.
627 4301 744 4365 Dcipso
795 4303 837 4352 Gi.
854 4304 936 4352 etiem
948 4303 1050 4355 Herod.
1066 4304 1087 4364 l,
1101 4304 1162 4352 215.
1190 4303 1335 4352 Nemeen-

208 4369 302 4420 Petrae
323 4373 384 4423 vico
404 4369 472 4420 nihil
491 4369 581 4436 reperi
603 4370 742 4421 traditum.
794 4386 840 4422 sus
852 4376 906 4422 est:
932 4387 1011 4436 neque
1022 4387 1057 4422 ecc
1067 4372 1116 4422 loc
1126 4373 1242 4436 mlierc,
1255 4387 1336 4438 neque
