2994 4980
238 304 301 404 οοα
667 340 933 406 neronom

235 512 491 604 ἀχαριτώτατον.
534 513 680 607 Τοιούτῳ
701 513 763 604 μὲν
781 503 1080 610 τρόπμτύοαννος
1098 523 1259 611 ἐγεγόνεε
1273 529 1387 616 μέγας

236 614 392 689 ὁΓέλων.

170 721 229 782 157
320 723 399 792 Τότε
414 723 468 809 δὲ,
490 717 533 802 ὡς
554 726 589 792 οί
605 715 739 809 ἄγγελοι
756 725 824 790 τῶν
834 717 1002 814 Ἑλλήνων
1021 723 1163 798 ἀπίκατο
1177 733 1212 812 ἐς
1224 730 1289 814 τὰς
1302 743 1382 804 Συ·

236 925 367 990 populum
379 925 413 976 oh
426 925 543 988 gratiam
561 925 615 976 sibi
634 940 689 976 nou
705 923 774 975 rela-
824 931 942 978 ssmeuts
967 927 1014 976 des
1030 927 1113 979 Greca
1135 944 1170 979 eu
1187 929 1289 983 Sicilie
1308 952 1380 1002 pag.

236 1000 292 1046 tam
305 1001 407 1046 vocant
423 993 516 1060 δῆμον
530 985 690 1058 ἀχάριστον.
720 994 773 1046 Sed
826 997 875 1047 llll
887 1013 962 1062 seqq.
978 1003 1006 1047 et
1020 997 1142 1063 inprimis
1156 1015 1218 1065 pag.
1234 1001 1287 1052 137
1301 1021 1380 1071 seq„

234 1081 382 1130 agnoscere
408 1067 436 1116 iu
461 1065 562 1115 talibus
585 1065 649 1114 milri
679 1064 773 1114 videor
823 1065 922 1116 Gruter
948 1067 1063 1132 History
1082 1069 1112 1118 oi
1127 1069 1230 1121 Gresce
1249 1073 1285 1122 V.
1307 1091 1377 1139 pag.

235 1136 375 1201 scriptoria
390 1135 510 1186 animum
525 1149 542 1184 a
552 1134 626 1184 nulla
641 1135 772 1198 remagli
823 1135 873 1187 285
889 1150 963 1201 seqq.
982 1142 1011 1186 et
1031 1139 1178 1202 praecipue
1192 1140 1291 1192 Plass:
1319 1146 1379 1195 Die

233 1205 366 1267 alienum,
388 1221 469 1270 quem
488 1220 505 1254 a
522 1203 666 1268 tyrannide
685 1219 717 1253 sc
730 1209 772 1268 ty·
822 1205 959 1268 Tyrannis
976 1205 998 1261 l.
1011 1222 1074 1273 pag.
1087 1207 1137 1257 282
1149 1224 1226 1274 seqq.
1241 1212 1297 1263 293
1311 1231 1376 1280 seq.

233 1289 394 1343 sannorum,
418 1275 465 1339 qui
490 1273 603 1324 Graecia
629 1279 770 1336 vocantur,
822 1273 934 1326 Gelonis
947 1291 991 1325 res
1004 1277 1134 1338 peculiari
1145 1279 1302 1342 scriptione
1312 1299 1379 1348 per-

234 1345 361 1409 imperio,
378 1359 426 1408 pro
440 1343 562 1408 ingenito
575 1340 622 1391 illo
635 1341 770 1406 libertatis
821 1348 932 1394 secutus
945 1349 987 1394 est
1001 1346 1044 1395 W.
1057 1347 1093 1399 ll.
1107 1361 1161 1397 ran
1171 1347 1375 1417 Hardeuberg:

233 1415 339 1474 studio,
361 1428 414 1478 quo
426 1413 555 1464 Nostrum
574 1413 713 1460 incensum
727 1412 770 1461 lu·
820 1411 862 1461 De
874 1411 975 1464 Golone
983 1414 1125 1480 Syracusa.
1134 1421 1262 1482 tyranno.
1275 1421 1376 1473 Ultra.

233 1483 288 1532 isse
302 1482 373 1532 haud
386 1483 466 1545 pauci
476 1481 650 1530 historiarum
664 1480 718 1530 loci
729 1481 770 1530 iu·
822 1482 885 1533 ieet.
907 1483 983 1535 1841.

232 1551 333 1602 dicant.
356 1551 418 1600 Viti.
426 1551 459 1610 V,
468 1549 503 1600 66
520 1549 611 1613 ibique
627 1555 696 1601 nott.
708 1549 771 1600 coll.

231 1622 264 1682 V,
275 1620 308 1670 78
321 1623 348 1670 et
359 1619 424 1681 VII,
438 1619 495 1670 164.
526 1620 647 1682 Namque
658 1617 771 1670 multum
800 1687 803 1695 .
996 1655 1051 1706 cst
1081 1657 1183 1708 CLVII

230 1705 296 1740 saue
311 1689 407 1740 abesse
419 1689 587 1750 ridetur‚ut
597 1687 725 1740 Gelonem
738 1703 771 1740 eo
864 1745 871 1764 ‚
1054 1694 1061 1709 ·
1185 1694 1191 1706 '

231 1773 284 1822 quo
296 1758 378 1824 vulgo
388 1759 523 1822 accipitur
535 1772 616 1810 sensu
626 1761 769 1820 tyrannum
855 1752 990 1823 uus'auao]
1011 1759 1082 1810 Olim
1094 1749 1247 1820 classium
1261 1764 1299 1815 de
1313 1782 1372 1830 qna

231 1827 316 1878 luisse
334 1827 529 1890 existimemus,
552 1828 569 1878 i.
583 1843 607 1878 a.
622 1843 711 1892 regem
727 1843 770 1878 su·
821 1827 981 1879 confusione
995 1829 1150 1880 vidalinus
1169 1832 1205 1881 ad
1220 1832 1290 1891 Vll.
1308 1837 1370 1886 118.

230 1897 356 1962 perhum;
379 1912 457 1963 quem
482 1897 574 1961 potius
595 1913 655 1947 oum
677 1898 769 1963 aequi·
786 1925 797 1946 ι
820 1920 854 1932 —-
866 1897 930 1947 Mox
949 1913 1009 1948 oum
1021 1899 1163 1951 Dietsohio
1180 1901 1293 1954 exhibui
1307 1911 1371 1954 Δα-

230 1971 289 2018 tate
297 1967 449 2018 Siculorum
457 1983 500 2018 res
509 1967 693 2017 moderantem
703 1967 771 2032 opti·
820 1959 1048 2030 κεδαιμόνιοί,τε
1066 1966 1114 2017 καὶ
1131 1959 1296 2034 Ἀθηναῖοι,
1316 1975 1369 2024 ubi

230 2053 289 2088 mas
303 2037 377 2103 leges
390 2037 486 2088 tulisse
497 2037 669 2102 omniumque
680 2052 768 2088 rerum
819 2035 900 2100 vulgo
922 2036 1001 2088 abest
1027 2038 1189 2104 reuulsus,
1219 2043 1324 2092 omissa
1351 2060 1369 2094 a

230 2107 426 2158 abundantiam
439 2122 599 2172 procurasse
612 2113 696 2172 atque
713 2122 769 2156 om·
798 2109 800 2116 “
819 2105 943 2156 Bekkero
957 2113 985 2156 et
998 2101 1155 2168 Diudorfio,
1172 2109 1221 2160 sed
1238 2111 1310 2161 bene
1323 2129 1371 2164 re-

229 2178 295 2226 uino
316 2177 409 2243 populi
430 2177 659 2228 studiosissimum
685 2177 768 2226 hrisse
819 2176 1091 2228 tautaaDietsehio.
1121 2179 1252 2230 Adiuisae
1269 2187 1368 2232 autem

230 2251 348 2297 testatur
360 2247 442 2300 Diod.
453 2246 616 2306 sie.xr,38.
641 2245 681 2310 (li.
691 2245 770 2296 (loel-
818 2245 873 2294 uud
887 2244 1093 2298 Atheniensium
1109 2247 1215 2312 legatos
1231 2255 1313 2314 patet
1331 2269 1368 2304 ex

230 2316 321 2368 lende
330 2317 386 2368 situ
395 2321 422 2367 et
434 2317 501 2380 orig.
514 2315 641 2380 Syracus.
652 2331 716 2381 pag.
726 2315 766 2366 15.
789 2347 795 2358 ·
817 2313 951 2365 Herodot.
966 2317 1029 2375 Vll,
1044 2315 1090 2368 ldl
1105 2321 1132 2366 et
1144 2317 1235 2370 Sebol.
1246 2320 1365 2371 Pindar.

258 2374 769 2453 Τοιοότῳμὲντρόττφτύοαννοςἕνα·
819 2383 854 2432 ad
867 2383 1033 2446 Pythlliu.
1048 2400 1071 2438 s.
1087 2386 1146 2438 146.
1175 2388 1223 2439 Cr.
1239 2390 1368 2441 conferri

227 2447 307 2519 μόνον
321 2454 405 2520 μέγας
422 2447 561 2520 ὁΓίίαν]
582 2455 651 2504 Vero
672 2455 713 2504 ita
729 2469 770 2503 re·
818 2451 1133 2520 vnltllphoriFragmm.
1144 2471 1205 2520 pag.
1216 2458 1277 2508 2²1.
1297 2461 1369 2510 Ete.

227 2529 324 2590 otequs
333 2527 433 2576 Noster
445 2524 643 2590 pronuntiarit,
654 2525 700 2589 qni
710 2539 769 2574 ver·
819 2522 872 2572 nim
886 2521 1025 2586 Ephorus,
1043 2531 1074 2574 ut
1088 2541 1103 2575 e
1115 2526 1230 2576 Pindari
1245 2527 1366 2580 scholiis

218 2595 270 2646 ⁴hia
288 2596 409 2660 proxime
424 2593 663 2645 antecedentibus:
689 2590 768 2656 νομί·
816 2591 834 2642 l.
850 2591 868 2640 l.
883 2599 1011 2656 apparet,
1024 2593 1057 2642 de
1069 2594 1163 2645 iisdem
1177 2596 1257 2647 rebus
1271 2600 1368 2648 tradi-

227 2677 277 2721 σας
289 2663 383 2728 δῆμον
401 2656 475 2712 εἶναι
492 2661 651 2724 συνοίκημα
670 2653 768 2725 ἄχαρι·
818 2661 909 2717 derat.
924 2663 1070 2727 etquidem
1082 2663 1164 2728 paulo
1177 2665 1259 2716 aliter
1274 2672 1365 2734 atque

226 2730 351 2783 τοίτατον
362 2733 490 2784 Gelonem
501 2730 768 2796 quodammodoper·
817 2731 980 2782 Herodotus.
1007 2732 1067 2794 Quo
1080 2733 1150 2784 euim
1163 2737 1284 2800 tempore
1294 2739 1366 2788 Xer-

226 2801 486 2868 stringoreroluisse
494 2800 579 2850 videri
588 2804 687 2864 potest,
695 2799 765 2866 quod
815 2815 863 2862 aes
878 2800 975 2852 bellum
990 2803 1118 2866 parabat,
1139 2803 1225 2868 legati
1242 2820 1260 2855 a
1272 2806 1365 2859 Grae-

226 2871 330 2934 pleberu
341 2870 523 2922 inhumaniter
537 2871 766 2920 tractaveritani·
816 2870 855 2922 cis
875 2870 909 2920 ad
929 2870 1057 2922 Gelonem
1079 2874 1154 2924 missi
1173 2873 1304 2926 dicuutur
1322 2878 1363 2927 ab

225 2957 350 3005 mumque
363 2941 397 2990 ab
411 2957 444 2992 ea
456 2954 580 2988 aversum
600 2955 665 3003 prae
681 2957 710 2992 se
724 2944 766 2990 tu·
816 2941 938 3006 Ephoro:
958 2941 1005 2992 aed
1015 2942 1108 2994 eodem
1119 2949 1239 3009 tempore
1249 2960 1363 3008 quoque

224 3009 296 3058 lerit.
323 3011 431 3060 Etenim
444 3025 498 3059 uon
508 3024 610 3073 scopans
621 3008 707 3059 solum
718 3025 765 3067 rex
813 3009 1297 3083 legatoassersarumotPhoeuioum
1313 3016 1364 3068 hie

224 3079 332 3130 exstitit
344 3077 420 3142 Gelo,
434 3093 528 3128 rernm
540 3077 673 3129 maximus
687 3077 765 3142 adeo,
815 3080 911 3131 scribit
928 3083 1086 3144 pervenisse
1100 3083 1134 3132 sd
1147 3083 1363 3148 Carthaginien·

225 3149 271 3213 qui
282 3164 334 3198 non
345 3152 451 3198 tautum
463 3148 543 3199 rebus
554 3148 584 3198 in
596 3147 667 3198 bello
678 3149 764 3214 gestis
814 3165 858 3200 sea
868 3164 968 3215 eosque
978 3151 1120 3214 invitasse,
1137 3159 1167 3202 ut
1178 3153 1296 3204 classem
1309 3171 1363 3219 pa-

223 3217 379 3282 praeelarus
393 3217 512 3268 Graecos
530 3218 559 3267 iu
574 3216 671 3268 Sicilia
688 3219 764 3269 habi·
814 3224 916 3278 rsrent,
929 3235 981 3284 qua
992 3220 1115 3272 Siciliam
1126 3227 1260 3286 peterent,
1273 3225 1366 3278 Grae·

223 3291 315 3336 tantos
334 3304 352 3337 a
363 3289 516 3340 Poenorum
536 3289 651 3354 imperio
663 3288 763 3339 libera·
814 3291 909 3353 eisque
922 3287 950 3338 in
964 3289 1059 3340 Sicilia
1071 3291 1193 3342 subactis
1207 3294 1296 3356 ipsam
1307 3295 1364 3346 Po-

222 3357 279 3420 vit‚
295 3357 343 3409 sed
355 3358 437 3409 etiam
451 3358 523 3409 domi
535 3360 637 3409 summit
650 3359 764 3423 pruden·
812 3357 990 3423 lopounesum
1019 3361 1239 3426 aggrederentur.
1280 3363 1363 3424 Quos

223 3427 263 3476 tiu
272 3443 337 3478 usus
347 3429 375 3478 in
386 3445 414 3479 re
426 3429 535 3493 publica
546 3428 763 3478 administranda
812 3443 872 3478 oum
892 3431 1114 3495 appropinquare
1133 3431 1288 3482 audivisset
1303 3433 1360 3484 (lc-

223 3513 289 3562 opes
301 3498 536 3563 Syracusanorum
558 3500 598 3548 ita
617 3497 709 3558 auxit,
731 3502 762 3547 ut
813 3497 853 3560 lo,
870 3498 978 3562 copias,
999 3515 1066 3563 quas
1091 3500 1125 3550 ad
1142 3517 1218 3564 opem
1239 3500 1361 3552 Graecis

222 3570 339 3618 maxime
358 3569 486 3617 florerent
504 3583 595 3618 eorum
617 3583 660 3618 res
678 3572 707 3617 et
725 3567 760 3616 ad
811 3567 950 3618 ferendam
970 3575 1118 3631 paraverat
1139 3569 1283 3633 (ducentas
1306 3587 1360 3622 ua-

222 3635 362 3700 iastigium
381 3637 438 3688 iere
453 3637 526 3686 omni
540 3637 620 3687 modo
633 3635 761 3702 perduce-
810 3651 868 3698 ves,
882 3638 934 3688 duo
946 3637 1023 3688 milia
1032 3639 1162 3703 equitum.
1172 3640 1264 3691 decem
1276 3641 1359 3692 milia

220 3710 327 3756 recture
353 3706 473 3769 beneque
496 3706 620 3756 civitatis
645 3705 759 3756 salutem
810 3706 1361 3774 peditum),coutraCartbagiuieusesdu-

220 3775 266 3825 illc
276 3777 346 3826 tueri
359 3775 478 3838 studuit,
497 3773 678 3840 locupletibus
694 3776 760 3826 oiri·
810 3777 885 3827 aisse
905 3775 1034 3827 Gelonem
1052 3779 1141 3845 iisque
1160 3779 1276 3831 devictis
1298 3797 1357 3832 non

219 3845 270 3896 bus
282 3846 311 3896 iu
325 3846 417 3896 urbem
430 3845 548 3908 coactis,
566 3845 594 3894 in
609 3859 662 3910 qua
678 3861 758 3910 opum
809 3845 961 3896 Siculorum
975 3851 1090 3912 tuntum,
1108 3851 1297 3902 verumetiam
1314 3856 1361 3902 to-

220 3916 405 3982 augendarum
423 3915 526 3979 optime
542 3913 609 3964 data
628 3920 700 3966 esset
715 3931 760 3966 oc·
810 3917 865 3966 tius
877 3916 1355 3973 Graeciaeliberatoremexatitissa.

220 3987 311 4042 ossio.
329 3984 407 4051 plebe
419 3999 504 4049 egena
519 3987 546 4033 et
558 3983 591 4032 ad
604 3984 699 4034 turbas
717 4000 758 4036 se·
809 3986 887 4046 Quae
908 3985 977 4036 talia
996 3987 1120 4052 proiecto
1146 3995 1225 4052 suut,
1251 3994 1282 4039 nt
1304 3993 1358 4042 rui·

219 4057 391 4121 ditionesque
402 4069 486 4119 prona
501 4069 533 4102 ex
546 4053 612 4102 urbe
629 4053 717 4103 eiecta
730 4055 758 4104 in
808 4055 880 4105 nime
900 4055 1014 4106 couticta
1030 4072 1140 4121 prorsus
1155 4057 1302 4108 videantur
1315 4061 1355 4110 ab

218 4141 273 4190 rus,
283 4127 331 4177 ubi
342 4139 410 4189 opus
423 4121 536 4172 iaceret.
561 4123 651 4184 Quare
662 4125 757 4174 morito
809 4124 932 4188 Ephoro,
952 4141 1020 4188 quae
1034 4127 1169 4176 Kortiimii
1184 4131 1227 4178 est
1241 4132 1356 4180 senteu-

219 4211 347 4246 summam
367 4192 473 4243 laudern
488 4191 553 4242 Gelo
568 4192 641 4256 apud
653 4198 758 4243 veteres
810 4193 864 4242 tiae
882 4193 990 4245 Grieoh.
1008 4195 1106 4246 (leuch.
1126 4196 1148 4246 l.
1168 4197 1271 4260 phil.
1307 4199 1354 4250 Tu

218 4279 305 4328 aeque
320 4270 402 4329 utque
423 4262 496 4326 apud
509 4262 675 4312 recentiores
694 4263 759 4313 sori·
809 4262 971 4313 ooni.stiam
979 4263 1074 4315 Grote:
1086 4265 1200 4330 History
1210 4265 1355 4319 oiGreece

128 4363 131 4368 ,
218 4337 310 4394 ptores
327 4337 425 4384 naotus
442 4336 492 4381 est.
517 4331 579 4384 Vid.
599 4331 703 4382 Bruuet
725 4331 758 4382 de
809 4335 842 4384 V.
862 4347 924 4396 pag.
941 4331 996 4382 '293
1013 4348 1070 4398 seq.
1093 4333 1354 4388 assumentem:

217 4399 321 4452 Prssle:
342 4400 510 4454 Recbsrohes
525 4415 571 4452 sur
585 4399 625 4453 lea
646 4399 759 4454 dtablia-
809 4401 850 4452 Do
862 4399 966 4467 Ephori
975 4399 1085 4454 Cumaei
1096 4403 1148 4454 lide
1160 4408 1242 4469 atque
1252 4411 1354 4458 auctu-
