2994 4972
222 403 262 464 22
651 395 918 458 HERODOTI

221 601 313 658 πων,
336 574 392 642 καὶ
413 569 452 641 τὰ
473 566 572 651 αὐτὸς
594 567 680 658 ὥρα,
702 568 797 660 ἄνειν
818 567 924 660 αὐτὴν
938 573 1069 642 ἐκέλευε
1089 573 1203 664 ἑωυτῷ
1216 573 1250 652 ἐς
1266 567 1359 652 ὄψιν.

222 675 265 758 ὡς
291 677 328 746 δὲ
354 675 460 764 ἤχθη,
490 679 644 764 παρῆσαν
666 677 721 744 καὶ
743 678 777 743 ol
794 670 951 763 ἀδελφεοὶ
972 672 1090 764 αὐτῆς,
1118 672 1221 764 οὔπη
1242 674 1359 762 πρόσω

221 778 364 867 σκοπιὴν
390 786 519 866 ἔχοντες
541 777 678 848 τούτων.
716 781 927 868 είρωιίονιος
950 778 987 848 δὲ
1006 783 1067 848 τοῦ
1087 787 1253 866 Δαρείου,
1276 775 1359 848 ὁπο-

223 881 311 970 δαπὴ
326 892 394 969 εἴη,
417 888 547 969 ἔφασαν
560 887 595 950 ol
610 889 779 970 νεηνίσκοι
800 881 887 951 εἶναι
902 889 1065 968 Παίονες,
1085 884 1140 951 καὶ
1160 885 1293 971 ἐκείνην
1311 882 1360 952 el-

221 1015 278 1056 ναι
297 993 412 1072 σφέων
433 981 610 1074 ἀδελφεήν.
645 981 663 1053 ὁ
685 983 717 1053 θ’
734 982 906 1074 ἀμείβετο,
929 993 1018 1066 τίνες
1039 985 1075 1056 dl
1093 989 1129 1054 ol
1139 991 1284 1066 Παίονες
1298 983 1360 1055 ἇν-

220 1095 358 1176 θρωποί
375 1094 438 1157 είσι
463 1091 520 1158 καὶ
539 1093 602 1158 κοῦ
622 1093 681 1177 γῆς
707 1091 894 1176 οἰκημένοι,
920 1091 976 1159 καὶ
998 1097 1032 1160 τί
1043 1093 1165 1160 ἐκείνοι
1186 1092 1362 1170 ἐθέλοντες

222 1201 355 1263 ἔλθοιεν
376 1194 409 1271 ἐς
422 1191 559 1281 Σάρδις.
595 1196 629 1260 ol
647 1194 687 1260 δέ
704 1197 739 1261 ol
756 1199 915 1280 ἔφραζον,
937 1189 981 1273 ὡς
1003 1201 1137 1263 ἔλθοιεν
1157 1192 1220 1281 μὲν
1239 1197 1359 1287 ἐκείνῳ

222 1295 384 1375 δώσοντες
398 1298 501 1383 σφεάς
515 1291 654 1380 αὐτοὺς,
670 1304 720 1383 είη
736 1295 773 1364 δὲ
789 1292 808 1383 ἡ
822 1305 967 1385 Παιονίη
982 1298 1036 1366 ἐπὶ
1049 1299 1097 1387 τῷ
1110 1295 1282 1385 Στρυμόνι
1296 1323 1358 1366 πο-

221 1403 315 1491 ταμῷ
335 1399 577 1486 πεπολισμένη·
606 1393 624 1464 ὁ
647 1397 683 1466 δὲ
698 1398 865 1487 Στρυμών
885 1397 926 1469 οὐ
949 1398 1062 1488 πρόσω
1083 1404 1143 1468 τοῦ
1156 1396 1356 1489 Ἑλλησπόν-

219 1597 592 1664 utIII,145,uvaid.nott.
616 1601 649 1650 In
660 1612 763 1664 seqqe
814 1617 867 1652 νον
891 1619 906 1654 e
926 1601 1003 1656 libris
1022 1605 1132 1670 seriptis
1149 1605 1277 1656 revocavi
1295 1621 1358 1656 oum

219 1671 378 1723 Florentino
388 1686 447 1720 oum
458 1674 571 1719 receutt.
580 1668 641 1722 edd.
650 1669 762 1733 scripsi:
813 1673 956 1724 Dietsebio
973 1664 1097 1739 ἐκείνου,
1118 1673 1241 1740 idemque
1254 1675 1308 1725 leel
1321 1675 1357 1740 V,

220 1731 259 1790 ori
277 1755 318 1806 κη
333 1731 429 1804 πρόσω
445 1734 568 1803 σκοπιὴν
580 1731 690 1803 ἔχοντες
700 1730 762 1786 του’-
814 1745 845 1795 21
860 1748 888 1794 et
898 1743 941 1794 23,

219 1825 275 1860 τιον
288 1812 406 1876 (i.e.qul
419 1808 762 1872 dandprocaletnntecinrie
847 1811 891 1878 εἴη
908 1803 940 1861 δὲ
960 1801 978 1875 ἡ
999 1808 1124 1876 Παιονίη
1142 1803 1188 1860 ἐπὶ
1211 1813 1250 1877 τῷ
1266 1809 1357 1874 2th-

219 1881 281 1931 λαεο
299 1877 524 1944 speculabuntur),
546 1878 593 1928 ubi
611 1877 762 1928 Wesseliu·
811 1877 879 1944 μόνι
904 1879 1023 1948 ποταμῷ
1050 1873 1252 1946 πεπολισμένη]
1279 1881 1357 1931 Oitat

219 1952 281 2016 gius
300 1949 414 2001 dederat
440 1941 518 1997 udal
541 1946 625 2012 (quod
646 1947 762 1996 retinuit
812 1951 880 2003 haee
896 1951 1025 2002 Eustnth,
1042 1951 1076 2002 nd
1091 1951 1171 2002 lliud.
1193 1967 1220 2016 p.
1236 1950 1302 2013 359,
1321 1950 1356 2002 37

218 2018 349 2083 bekker.)
364 2025 392 2069 et
404 2014 562 2082 τουτέων,
577 2032 704 2077 monent.
722 2017 761 2065 vl·
811 2038 833 2075 s.
847 2023 912 2080 272,
927 2023 970 2075 22.
1000 2021 1162 2087 Weeaeling.
1175 2019 1221 2071 hic
1231 2021 1355 2072 reotein·

218 2089 276 2138 deri
285 2087 448 2138 locutionem
456 2085 760 2139 adllomerioumillud:
811 2091 912 2156 telligit
926 2091 1075 2143 Paeoniam
1091 2091 1273 2156 strymoniam
1287 2091 1356 2140 urti-

212 2147 320 2215 Ἦὲλιοε
336 2152 388 2222 nolo
408 2151 437 2206 ol
448 2152 572 2222 σκοπιήν
585 2149 646 2220 ἔμεν
661 2155 760 2219 odyss.
810 2162 857 2213 bus
879 2165 1024 2213 instructam
1050 2163 1247 2222 etennensium,
1267 2162 1356 2210 citans

216 2227 294 2288 VIII,
305 2227 355 2280 302
368 2241 532 2294 expressam.
571 2227 635 2276 Mox
648 2241 708 2275 eum
720 2241 761 2274 re-

217 2302 301 2347 oentt.
315 2299 375 2350 edd.
387 2297 486 2362 scripsi
497 2291 618 2362 είρωτὲο
628 2309 699 2352 νιος
712 2311 760 2360 pro

217 2367 291 2433 vulg.
307 2361 519 2429 ελρωτέωνιος,
544 2365 580 2418 ci.
600 2365 715 2416 Bredor.
731 2381 757 2431 p.

217 2437 282 2496 383;
301 2437 349 2488 sed
367 2438 502 2488 intectum
515 2435 613 2501 reIIqui
627 2436 660 2485 ab
677 2436 760 2485 omni-

216 2508 267 2558 bus
278 2505 356 2558 libris
368 2506 481 2557 allatum
494 2496 645 2569 ὁποδαπὴ,
662 2519 679 2553 a
690 2505 760 2555 Bels-

217 2577 282 2626 kero
293 2582 427 2627 mutatum
438 2578 466 2625 in
478 2566 614 2638 dnodunq',
627 2573 697 2638 quod
707 2590 759 2622 me-

216 2647 270 2695 rito
277 2643 526 2710 reprobatBredov.
536 2659 561 2706 p.
569 2645 611 2694 90.
624 2641 702 2692 Cous.
710 2643 758 2702 IX,

215 2715 232 2764 6
248 2718 276 2764 et
288 2715 356 2776 VII,
369 2713 429 2764 218.
463 2713 505 2762 De
525 2711 585 2774 ipsa
601 2725 669 2761 vocs
687 2713 758 2758 eins-

215 2795 267 2843 que
276 2795 327 2829 usu
341 2780 413 2829 conl.
427 2795 497 2845 quae
507 2778 601 2828 attulit
610 2779 757 2828 Blomlield.

214 2847 369 2899 inGlcsser.
381 2847 511 2898 edAeseh
532 2846 587 2897 lis.
597 2863 621 2897 c.
634 2845 685 2897 Th.
696 2847 756 2898 351.

248 2914 323 2972 τίνες
349 2909 381 2964 δὲ
406 2910 437 2964 ot
458 2865 582 2972 Ilullrvee
602 2905 760 2976 ἄνθρωποί

214 2979 329 3034 είσίναλ
346 2983 402 3034 ποῦ
413 2981 464 3048 γῆς
482 2979 644 3048 οἰκημένοι,
668 2980 715 3033 καὶ
730 2983 760 3034 τί

207 3047 318 3103 ’ἐκείνοι
337 3069 362 3105 π.
378 3069 401 3104 τ.
419 3052 457 3119 1.]
478 3054 586 3104 Similes
602 3055 659 3105 iere
675 3056 757 3106 iuter-

213 3124 369 3188 rogationes
391 3129 500 3175 exstant
515 3125 541 3187 I,
562 3125 604 3176 35.
624 3125 680 3184 ΙΙΙ,
698 3125 755 3188 156,

213 3193 261 3242 ubi
284 3193 357 3247 coni.
377 3199 448 3244 nott.
483 3195 578 3260 Neque
601 3195 756 3260 Infrequens

212 3263 240 3310 iu
253 3260 408 3314 huiusmodi
420 3263 543 3314 formulis
557 3267 698 3328 transitus,
711 3265 756 3330 qui

213 3331 247 3380 ab
268 3331 419 3384 indicativo
447 3326 524 3400 (elul)
548 3333 579 3384 fit
601 3335 636 3385 ad
655 3336 755 3400 optati-

211 3415 275 3451 vum
294 3395 450 3468 (ἔλθοιεν),
474 3408 505 3454 ut
520 3405 576 3468 ΙΙΙ,
595 3405 657 3455 139ι
677 3398 756 3466 sipri-

211 3483 277 3518 τευν
290 3465 320 3520 ολ
331 3461 478 3536 ἑρμηνέες,
501 3470 543 3530 τίς
554 3487 583 3522 τε
597 3471 652 3538 εἴη
665 3469 713 3523 nul
727 3472 757 3523 τί

210 3531 334 3604 ποιήσας
350 3535 495 3606 εὐεργέτης
512 3541 592 3608 φηο1
617 3537 690 3593 εἶναι
708 3541 754 3610 βα-

212 3607 310 3664 σιλέος.
345 3611 407 3660 Alia
418 3613 538 3662 excitavi
551 3613 625 3674 adl,
640 3615 673 3665 86
690 3615 751 3665 coll.

211 3677 249 3740 ιι,
263 3679 305 3728 ιι.
322 3681 373 3744 ιιι,
385 3681 428 3730 ιι.
439 3682 482 3732 αι.
496 3683 529 3745 v,
540 3681 583 3734 οι.
599 3685 647 3746 ιιι,
657 3685 682 3735 3.
707 3685 753 3734 m-

210 3752 254 3797 eet
268 3763 332 3799 vero
350 3749 386 3798 ad
398 3741 528 3817 ἀμείβετο
543 3767 575 3802 ex
592 3753 753 3804 anteceden-

210 3817 284 3868 tibus
302 3823 424 3883 repetere
436 3815 589 3886 είραοτίιον,
607 3824 678 3874 uude
691 3823 752 3873 reli-

209 3903 265 3953 que
278 3887 363 3939 verba
373 3886 449 3947 τίνες
467 3880 503 3937 dl
524 3883 553 3938 ολ
564 3889 686 3950 Παίονες
700 3897 751 3944 eto.

209 3957 250 4007 its
268 3958 399 4022 pendent,
421 3963 452 4008 ut
471 3959 571 4010 vocula
587 3953 618 4009 dl
637 3961 672 4011 ad
689 3979 752 4012 eon-

207 4027 370 4077 tinuandam
393 4027 507 4078 alteram
529 4029 751 4096 interrogationis

206 4101 312 4160 partem
323 4097 417 4148 addita
425 4097 558 4149 videatur.
566 4125 600 4134 -
612 4101 664 4151 Pro
676 4101 749 4168 vulg.

206 4166 297 4214 asinos
316 4167 378 4217 dedi
392 4183 453 4220 cum
471 4172 586 4218 reeentt.
607 4171 668 4221 edd.
683 4161 751 4221 ἐκεί-

206 4246 266 4296 νοι,
281 4235 393 4287 iubente
403 4237 517 4288 Bredov.
532 4253 557 4303 p.
574 4240 623 4291 llll
638 4255 705 4306 seq,
719 4241 751 4292 li-

205 4305 250 4352 cet
268 4304 377 4368 plurimi
396 4307 458 4358 libri
480 4309 570 4358 κεῖνοι
590 4309 749 4373 exhibeaut;

205 4371 286 4436 vulgo
303 4375 373 4424 euim
386 4373 543 4440 legebatur:
563 4377 593 4426 τί
601 4373 637 4440 δὴ
649 4382 749 4431 κεῖνοι.

204 4442 302 4508 ltaque
323 4445 405 4495 etiem
423 4447 460 4510 V,
478 4448 509 4499 17
527 4463 576 4514 pro
597 4449 671 4517 vulg.
693 4452 750 4500 ιιεῖ-

811 2227 905 2296 χοίραν
917 2231 1041 2293 πολίζειν
1054 2232 1126 2297 apud
1138 2231 1263 2281 strabon.
1275 2230 1354 2282 VIII.

811 2318 838 2366 p.
852 2303 900 2354 364
910 2303 943 2351 D.
960 2317 982 2351 s.
1000 2317 1062 2366 pap.
1077 2300 1136 2351 560.
1164 2301 1205 2349 Tu
1216 2300 1271 2350 rid.
1284 2305 1355 2350 nott.

811 2372 845 2420 ad
870 2372 1001 2422 Herodot.
1025 2371 1077 2432 IV,
1105 2369 1152 2419 108
1174 2375 1202 2419 et
1225 2369 1296 2420 adde
1322 2370 1354 2432 V,

810 2443 852 2492 52.
874 2439 1001 2497 V11,59.
1027 2439 1081 2489 108.
1100 2437 1156 2490 1119.
1193 2439 1288 2502 Neque
1303 2439 1357 2490 hue

810 2510 892 2570 lacit,
907 2507 978 2570 qnod
994 2507 1135 2571 Appisuue
1149 2504 1224 2570 Illyr.
1242 2509 1274 2555 22
1285 2512 1355 2557 scri-

809 2577 862 2626 bit:
887 2573 921 2624 οὐ
940 2566 1035 2626 πόλεις
1056 2564 1151 2640 ᾤκουν
1175 2567 1205 2622 ol
1219 2573 1354 2636 Παίονες,

810 2636 872 2693 ἀλλ’
892 2635 997 2708 ἀγροὺς
1018 2636 1148 2707 ἢκιόμας
1170 2635 1242 2693 κατὰ
1258 2641 1354 2710 συγγέ-

810 2727 904 2772 νειαν,
926 2729 1002 2774 οιιιιι,
1023 2718 1149 2763 monente
1163 2714 1353 2780 Weeselingio,

808 2782 863 2831 ists
876 2797 942 2846 gens
955 2785 1079 2832 Paeonum
1093 2782 1136 2832 vel
1149 2785 1242 2847 potius
1252 2786 1353 2836 Panno-

807 2855 901 2902 niorum
922 2853 1041 2902 Drusum
1063 2853 1133 2902 inter
1148 2853 1303 2920 Serumque
1326 2861 1354 2906 et

806 2921 962 2972 Danubium
977 2923 1055 2972 sedes
1076 2923 1287 2986 occumberet,
1312 2925 1353 2974 di-

806 3005 900 3041 verses
910 2991 1005 3056 alique
1015 3008 1031 3041 ιι
1039 2993 1352 3045 PaeonibasHerodctels

808 3061 841 3110 ad
865 3059 1018 3126 Strymonem
1038 3061 1236 3114 habitantibus.
1277 3065 1352 3127 Quos

807 3129 915 3182 eosdem
925 3132 1046 3182 Paeones
1057 3131 1090 3182 nd
1101 3133 1277 3199 Pelasgorum
1290 3134 1352 3184 stir-

806 3216 866 3266 pem
878 3201 973 3251 reierri
983 3201 1041 3251 uult
1052 3202 1181 3254 Niebuhr.
1190 3205 1262 3254 Hist.
1272 3205 1350 3254 Rom.

805 3271 827 3320 I.
837 3286 900 3336 pag.
908 3271 950 3334 53,
963 3271 1041 3321 modo
1053 3271 1085 3322 de
1093 3273 1227 3324 Teucrioa
1237 3274 1350 3324 istorum

806 3339 912 3405 origine
926 3341 962 3390 sit
974 3347 1152 3406 compertum:
1177 3343 1209 3392 de
1222 3359 1276 3408 qua
1290 3346 1351 3408 lpse

805 3411 846 3459 ita
863 3415 966 3460 eertum
982 3411 1088 3461 videtur
1101 3411 1303 3477 Sengebusclrio
1321 3413 1349 3462 iu

805 3479 952 3530 Dissertnt.
965 3481 1102 3531 Ilomerie.
1118 3483 1202 3546 prior.
1213 3498 1276 3548 pag.
1290 3483 1349 3546 145,

805 3553 849 3610 ut,
868 3551 939 3614 quod
951 3551 1075 3601 Paeones
1092 3553 1247 3602 aTroiania
1265 3567 1349 3616 genus

803 3633 881 3668 suurn
895 3619 1005 3670 duxisse
1023 3625 1168 3670 narrentur
1181 3620 1248 3686 (vid.
1265 3637 1348 3686 supra

803 3690 834 3747 V,
848 3687 900 3753 13),
914 3690 976 3740 inde
986 3689 1077 3741 doceri
1087 3691 1234 3751 existimet,
1248 3691 1349 3755 „Olyn-

802 3757 888 3820 thios‚
907 3759 1052 3812 Abderitas
1065 3760 1175 3810 Homeri
1194 3760 1279 3811 luisse
1292 3766 1349 3812 stu·

802 3827 973 3880 diosissimos
1006 3835 1089 3895 utque
1122 3830 1348 3894 circumspexisae

801 3897 902 3962 ubique
915 3899 1089 3950 Homerica.“
1117 3899 1195 3962 Quod
1208 3915 1270 3950 num
1283 3901 1348 3953 iude

803 3966 896 4032 colligi
914 3974 1011 4034 queat,
1036 3968 1158 4033 equidem
1179 3968 1253 4018 haud
1274 3970 1347 4020 alfir-

802 4051 881 4090 mem.
924 4039 1056 4088 Herodoti
1076 4039 1191 4088 Paeones
1212 4039 1246 4088 nd
1263 4039 1347 4105 Pbry-

801 4107 874 4170 ginm
892 4108 1004 4172 stirpem
1023 4107 1158 4172 pertinere
1176 4109 1292 4159 diximus
1311 4111 1346 4160 ad

801 4179 835 4235 V,
851 4177 880 4226 1ι
906 4192 988 4242 quare
1003 4193 1019 4226 a
1033 4178 1183 4239 Pannonir'e,
1202 4179 1248 4242 qui
1262 4179 1295 4228 ad
1309 4180 1347 4230 Il·

802 4244 914 4308 lyricem
926 4247 1037 4310 stirpem
1049 4248 1187 4311 pertinent
1198 4247 1245 4313 (cl.
1259 4251 1344 4300 etiam

801 4315 948 4379 Ozoernig:
959 4315 1145 4382 Etlrnograpb.
1153 4317 1344 4369 diisterreich.

800 4385 939 4434 Monarch.
954 4385 992 4434 11.
1006 4401 1032 4451 p.
1046 4388 1069 4436 2.
1085 4385 1122 4454 8.)
1140 4401 1249 4452 prorsus
1265 4395 1345 4439 eruut

800 4453 960 4519 seiungendi
972 4455 1101 4522 Paeones,
1113 4459 1159 4522 qui
1168 4472 1229 4508 eum
1238 4457 1293 4508 illis
1303 4459 1345 4508 ni-
