3010 4966
139 295 143 302 ι
202 341 243 414 92
632 342 899 410 Hauououl

202 551 258 604 νος
277 517 535 611 ὀνειροπόλοισι·
562 518 695 610 perdidi
716 517 939 612 ἀπειπάμενος
953 519 1014 613 τὴν
1028 519 1107 606 ὄψιν
1127 529 1252 613 ἔπεμπε
1268 521 1392 612 trivetto

204 625 356 718 πομπὴν,
372 623 410 698 ἒν
424 655 462 716 τῃ
478 623 519 715 δὴ
532 630 677 717 τελευτᾷ.

156 735 195 797 57
283 737 328 801 Oi
340 732 377 800 dl
388 738 588 820 Γεφυραῖοι,
604 732 671 798 τοῖν
685 719 770 818 ἦσαν
783 735 818 800 ot
828 732 946 818 φονέες
960 735 994 799 ol
1006 725 1201 818 Ἱππάρχου,
1217 726 1261 812 ὡς
1274 731 1339 820 μὲν

206 932 290 1001 [conl.
321 933 404 982 etiam
433 931 559 996 Aeeebyl.
588 933 663 983 Pers.
691 931 741 981 221
793 931 840 983 sed
859 930 961 982 Thebis
979 946 1059 996 quem
1076 933 1192 984 maxime
1215 935 1252 985 sit
1274 949 1337 998 pro-

204 1001 308 1069 aeqq.]:
330 1004 364 1052 ed
384 1018 462 1067 quam
478 996 673 1064 ἀπειπάμενος
689 993 743 1065 τήν
792 1004 881 1067 prium
902 1017 934 1052 ae
953 1001 1105 1065 peculiare,
1127 1007 1210 1068 atque
1227 1020 1260 1054 en
1275 1005 1338 1068 ipsa

203 1065 274 1134 ὅφιν
285 1073 367 1124 etiam
381 1074 516 1138 pertinere
531 1074 640 1138 opinor,
656 1087 742 1136 neque
793 1071 928 1121 hominum
946 1072 1035 1132 natio,
1055 1087 1125 1136 quae
1141 1079 1206 1123 ante
1219 1076 1336 1124 Boeoto-

204 1144 397 1206 adeo-spretam
415 1147 543 1204 visionem,
564 1142 685 1220 eedqeius
699 1157 743 1192 ex·

204 1215 353 1279 piationem
369 1219 396 1263 et
407 1207 643 1275 oinocposucropcv
656 1211 741 1262 innui.

202 1283 264 1334 Vid.
272 1283 426 1333 Cesauhnn.
434 1283 467 1332 ad
479 1282 659 1347 Theophrast.
670 1278 741 1345 [pag.

206 1355 254 1405 184
268 1352 337 1418 seq]
359 1359 387 1404 et
402 1352 544 1418 Spanhem.
560 1353 587 1401 in
603 1349 741 1414 Aristoph.

203 1425 272 1474 Rau.
284 1423 378 1474 1379.“
394 1422 462 1471 Add.
471 1419 617 1471 Blomfield.
627 1423 653 1469 in
663 1419 742 1470 Glos-

203 1508 258 1543 ser.
269 1493 304 1542 ad
317 1491 442 1555 Aeschyli
457 1494 529 1541 Pers.
546 1491 605 1540 207.
625 1490 743 1553 Hippar-

203 1561 269 1611 chus
288 1562 371 1625 igitnr
389 1561 546 1624 expiatione
564 1559 628 1621 illa,
655 1559 741 1610 sacris

202 1627 261 1680 soil.
278 1629 476 1681 averruncendi
491 1629 554 1678 mali
575 1629 741 1678 imminentis

202 1715 286 1750 carisa
299 1699 381 1749 lectis
394 1698 572 1764 precibusque
587 1697 699 1760 additis,
713 1697 741 1748 id

203 1786 232 1822 se
251 1769 372 1818 effecisse
393 1767 567 1833 opinabatur,
591 1773 622 1818 ut
642 1767 742 1817 malum

202 1840 305 1889 somnio
321 1839 470 1888 iudicatum
488 1837 589 1888 nullam
609 1837 636 1887 iu
654 1838 742 1902 ipsum

201 1909 315 1960 haberet
333 1909 388 1957 vim
410 1924 497 1973 neque
519 1907 665 1972 quidquam
684 1923 742 1956 am-

201 1980 272 2044 plius
294 1983 389 2028 contra
412 1979 499 2043 ipsum
521 1977 627 2028 valeret
648 1977 743 2027 ullum·

201 2065 251 2112 que
263 2049 375 2098 haberet
388 2051 523 2099 eventum.
549 2049 647 2114 ltaque
658 2047 742 2097 verba

200 2109 393 2180 ἀπειπάμενος
410 2109 461 2180 τὴν
476 2106 546 2177 ὄφιν
563 2118 669 2168 veilent:
689 2133 742 2166 cum

201 2191 372 2240 renunciasset
390 2190 504 2238 caninium
521 2203 543 2241 s.
561 2203 613 2237 rura
627 2191 742 2238 εοιιιιιίιαιι

202 2258 257 2323 (vel
271 2259 361 2323 potius
376 2257 418 2320 id,
432 2258 502 2322 quod
516 2260 621 2308 somnio
633 2261 742 2322 porten-

200 2327 309 2378 deretur
319 2327 428 2390 malnm)
440 2329 523 2378 sacris
532 2329 612 2390 factis
621 2343 741 2379 onemun-

199 2407 283 2450 cueset
294 2399 399 2462 indeque
409 2398 445 2448 ud
451 2414 478 2448 se
487 2400 535 2448 ium
544 2398 604 2449 nihil
612 2400 742 2461 pertinere

200 2477 266 2519 esset
281 2477 361 2519 ratris.
398 2469 441 2517 De
461 2469 543 2518 verbo
562 2461 741 2516 ἀπείπασθαι

200 2539 255 2588 dixi
268 2540 302 2588 ad
314 2537 451 2588 Plutarch.
459 2537 574 2588 Flamin.
584 2540 608 2585 5.
620 2553 682 2600 pag.
691 2535 720 2583 tu
733 2553 739 2593 ;

200 2608 272 2658 coni.
286 2612 427 2672 praeterea
437 2607 558 2658 Koerner
569 2607 603 2654 ad
617 2603 738 2668 Euripid.

200 2675 379 2726 Andromach.
393 2675 435 2725 87.
447 2691 509 2739 pag.
521 2676 562 2724 26.
587 2675 684 2734 Νεςείε
697 2689 738 2732 ee,

200 2759 279 2806 qnam
296 2745 433 2802 dedimus,
456 2743 679 2806 interpretatione
699 2759 739 2792 re-

199 2813 272 2890 iecta
294 2813 334 2862 sie
354 2810 490 2872 explicare
511 2812 600 2890 locum
621 2811 740 2886 mavult3

198 2876 739 3016 multllm„{ittig-‘lit

198 3012 312 3081 άφίναν
324 3011 356 3066 τὸ
369 3010 491 3078 ὄνειρον.
520 3019 560 3070 Ad
574 3019 738 3069 locutionem

118 3123 121 3140 .
198 3083 302 3151 ἔπεμπε
324 3079 378 3151 τὴν
400 3081 518 3152 πομπὴν
539 3089 739 3150 couterinum-

197 3157 252 3210 did.
268 3158 319 3214 VI,
336 3159 369 3210 56
393 3157 452 3220 (ubi
471 3151 537 3216 τούς
551 3149 604 3222 τὴν
620 3153 739 3221 πομπὴν

196 3220 375 3292 πέμψαντας)
389 3228 479 3293 ibique
490 3230 592 3294 Puppe.
601 3229 737 3280 Plutarch.

196 3297 278 3349 Phoc.
294 3296 336 3348 37.

381 3467 448 3520 Cae.
466 3471 553 3521 LVII.

231 3563 269 3618 Oi
284 3564 314 3619 dl
332 3571 502 3638 Γεφυραῖοι]
521 3574 621 3638 Attigit
636 3574 735 3623 Suidas

196 3657 217 3692 s.
231 3657 257 3691 v.
271 3639 397 3704 Γεφυρὶς
411 3643 443 3694 Τ.
455 3643 477 3695 1.
493 3659 519 3707 p.
532 3643 582 3693 eru
598 3647 626 3692 et
640 3644 737 3693 Aristi·

794 1157 851 1190 rum
864 1141 1009 1191 adventum
1023 1141 1092 1191 hanc
1104 1147 1203 1192 terram
1216 1146 1337 1194 tenuerit

794 1210 931 1275 indigene,
939 1211 1007 1260 idem
1016 1213 1175 1262 t'odmeornm
1185 1213 1278 1264 tulerit
1289 1231 1336 1264 uo·

794 1296 855 1330 men
868 1285 923 1330 tum
938 1281 1039 1331 insede
1052 1297 1101 1331 sua
1112 1283 1251 1347 primitiva
1261 1284 1335 1334 areis

795 1349 944 1412 Cadmeae,
967 1365 1035 1415 quae
1049 1352 1213 1416 vocabatur,
1233 1359 1291 1402 tum
1305 1355 1335 1404 in

793 1419 907 1470 coloniis
920 1419 991 1470 alias
1004 1421 1029 1469 in
1043 1425 1128 1472 terras
1141 1421 1203 1473 hine
1217 1424 1334 1474 emissis,

792 1489 917 1555 Namque
936 1488 979 1539 vel
994 1493 1103 1553 postera
1122 1497 1213 1543 aetate
1227 1493 1335 1558 Spartis

792 1559 959 1622 Athenisque
972 1561 1058 1610 tribus
1072 1561 1156 1612 luisse
1171 1563 1241 1613 idem
1256 1564 1335 1612 addit

792 1644 855 1680 vere
864 1629 1006 1692 Cadmeas,
1018 1631 1131 1695 Acqidae
1142 1637 1222 1698 atque
1233 1633 1335 1698 Gephy-

792 1715 881 1762 reeoe‚
896 1699 992 1764 quibus
1003 1697 1182 1752 Athenienses
1194 1718 1274 1752 sacra
1284 1703 1334 1752 Ce-

793 1770 860 1818 reris
876 1769 1015 1830 Achaeae,
1036 1769 1069 1820 de
1088 1772 1186 1836 quibus
1208 1773 1281 1822 iufra
1299 1773 1333 1834 V,

792 1839 840 1900 tii,
860 1838 1010 1889 debuerint.
1048 1841 1125 1902 Quae
1141 1842 1266 1904 speciosa
1287 1858 1334 1906 po-

791 1909 848 1958 tius
866 1923 945 1972 quam
960 1923 1025 1958 vera
1043 1910 1076 1960 iis
1091 1911 1266 1970 videbuntur,
1287 1913 1335 1976 qui

792 1978 844 2039 iis,
861 1993 930 2042 qnae
946 1979 1106 2044 scriptorum
1124 1979 1176 2030 tide
1190 1981 1332 2046 dignorum

792 2048 956 2098 testimoniis
971 2048 1073 2100 tradita
1086 2051 1251 2116 accepimus,
1269 2051 1335 2101 eub-

793 2119 907 2167 etituere
934 2117 1027 2168 nolent
1055 2121 1234 2171 recentiorum
1261 2137 1333 2172 eom-

793 2191 884 2237 menta
896 2185 980 2238 firmis
997 2189 1148 2240 rationibus
1167 2197 1195 2240 et
1208 2195 1332 2242 veterum

793 2258 903 2307 testium
918 2259 1083 2310 arroteritate
1102 2261 1243 2310 destitute.
1277 2263 1333 2311 He-

793 2327 906 2378 rodotus
924 2329 1011 2388 euim,
1036 2330 1107 2393 quod
1125 2330 1280 2395 Gephyraei
1298 2349 1332 2382 err

791 2397 901 2448 Eretria
919 2412 948 2446 ee
966 2401 1039 2448 ortos
1060 2414 1119 2450 ease
1135 2400 1332 2464 praedicabant

793 2464 975 2530 (peregrinam
989 2468 1070 2532 igitur
1083 2469 1192 2534 stirpem
1206 2471 1331 2521 reiicien·

792 2539 833 2584 tes
853 2535 1039 2602 Graecumque
1060 2554 1125 2610 prae
1149 2555 1178 2590 se
1197 2539 1329 2590 lerentes:

790 2606 817 2654 in
829 2619 881 2668 quo
896 2605 955 2668 ipso
967 2607 1085 2658 Graecos
1094 2614 1188 2674 gentes
1200 2610 1254 2658 sibi
1266 2609 1332 2659 mul-

789 2679 847 2723 tum
862 2673 999 2737 placuisse
1011 2679 1146 2743 constat),
1161 2677 1203 2729 his
1218 2681 1331 2744 opponit

790 2758 838 2803 ea,
855 2759 925 2808 quae
936 2748 994 2809 ipse
1004 2749 1091 2796 itesam
1102 2751 1237 2814 iterumque
1246 2751 1332 2798 scisci-

790 2813 867 2861 tando
883 2811 922 2873 (id
937 2817 1008 2865 enim
1021 2821 1063 2866 est
1076 2809 1094 2866 ά
1105 2810 1330 2881 concedendus-

790 2881 851 2946 νος)
863 2881 980 2933 invenit:
1000 2901 1068 2951 quae
1079 2889 1143 2952 quin
1153 2905 1219 2939 vera
1231 2888 1330 2938 habue-

790 2951 840 3013 rit,
862 2952 980 3004 duhitari
1002 2961 1106 3021 nequit.
1135 2959 1233 3022 Itaque
1248 2959 1329 3008 etiam

790 3037 837 3082 ea,
853 3024 968 3086 quaeda
982 3025 1085 3076 Punica
1098 3026 1275 3078 Cadmeorum
1289 3029 1330 3076 in-

788 3092 874 3155 deque
893 3094 975 3143 etiem
993 3097 1212 3160 Gephyrneorum
1226 3099 1330 3163 origiue

789 3161 886 3224 tradit,
902 3164 941 3212 sic
953 3164 1025 3214 tradi
1038 3165 1138 3230 voluit,
1153 3173 1183 3216 ut
1196 3184 1243 3232 pro
1256 3169 1328 3218 veris

788 3231 968 3283 haberentur:
993 3250 1080 3300 neque
1103 3236 1226 3302 equidem
1244 3235 1328 3287 ullam

788 3299 867 3350 video
892 3317 1002 3354 causam
1024 3307 1141 3371 iustam,
1169 3322 1217 3356 our
1240 3308 1327 3356 minus

788 3385 853 3420 vera
868 3387 939 3422 nuuc
959 3373 1124 3436 habeantur,
1149 3377 1228 3426 modo
1244 3375 1327 3425 uliam

785 3441 924 3490 veteribus
937 3443 1117 3508 scriptoribus
1133 3444 1213 3496 fidem
1226 3445 1327 3496 habens

786 3524 873 3574 neque
885 3515 985 3562 temere
999 3515 1153 3572 convellas,
1170 3530 1240 3579 quae
1251 3520 1326 3566 certa

786 3580 948 3643 scriptorum
963 3583 1105 3646 proborum
1122 3585 1173 3634 tide
1187 3589 1326 3636 coustant.

786 3649 1326 3712 Quaproptermelimablierodotostare

196 3711 238 3761 dis
263 3711 347 3762 schol.
373 3726 437 3775 pag.
456 3713 486 3763 31
515 3713 558 3763 ed.
582 3711 735 3774 Fronrmel.,
789 3715 1003 3785 Gephqrneosque
1017 3723 1182 3774 Phoenicum
1200 3725 1227 3773 in
1242 3726 1326 3774 liceo-

196 3780 688 3846 quibuscumcoui.Psendoplutar·ch.
704 3782 737 3832 de
788 3789 853 3836 tiam
876 3789 1059 3850 ingressorum
1083 3800 1206 3858 posteros
1227 3793 1326 3845 habere

194 3850 325 3902 Herodot.
343 3849 453 3915 malign.
472 3867 532 3916 pag.
546 3851 634 3902 830F.
667 3852 737 3902 Atti·
788 3852 865 3921 quem
887 3859 995 3910 aliunde
1013 3861 1119 3912 eosdem
1139 3867 1276 3927 repetere,
1295 3867 1325 3914 ut

194 3922 235 3986 git
246 3920 524 3987 quoquellerodotea,
535 3920 632 3985 quihus
640 3919 737 3972 Cadmi
786 3926 854 3976 feeit
869 3928 991 3980 Mueller.
1010 3929 1028 3980 l.
1046 3931 1077 3992 l.,
1098 3931 1132 3982 ed
1154 3949 1232 3998 quem
1248 3949 1325 3984 ecee·

194 3991 266 4042 illius
282 3991 359 4053 oripo
372 3990 477 4040 Punica
496 3991 635 4054 arguitur,
658 3990 685 4040 G.
700 3993 733 4043 Ο.
787 3995 856 4045 dunt
872 3995 929 4048 fere
942 3997 1073 4050 Gesenius
1085 4001 1166 4066 Ling.
1179 4001 1323 4054 Phoenice.

194 4060 317 4114 Mueller.
331 4060 455 4112 Orehom.
468 4075 529 4125 pag.
542 4061 589 4110 ll'l
605 4075 671 4124 seq,
687 4061 735 4110 ubi
786 4066 905 4116 Menum.
926 4083 989 4132 pag.
1010 4070 1055 4120 lll
1072 4085 1144 4134 seq,
1165 4073 1263 4122 Meier:
1284 4074 1323 4122 De

195 4145 299 4180 omnem
309 4133 492 4180 narrationem
504 4129 733 4180 deGadmoPoeuo
785 4134 939 4199 gentilitate
950 4153 1009 4202 pag.
1019 4139 1062 4200 39,
1073 4137 1130 4189 alii.
1155 4143 1248 4206 Neque
1258 4158 1323 4192 eane

193 4213 225 4246 ac
236 4200 268 4248 de
279 4201 442 4251 Phoenicum
454 4199 561 4250 colonia
572 4197 679 4249 Thebas
690 4199 733 4249 de·
785 4203 894 4254 obstare
907 4211 997 4270 putem
1011 4207 1096 4270 ipsum
1112 4211 1202 4271 gentis
1215 4227 1322 4274 nomeu,

193 4265 276 4316 ducta
293 4269 319 4318 in
332 4271 472 4320 Boeotiam
486 4269 594 4320 dubiam
610 4268 734 4336 adeoque
785 4273 856 4338 quod
878 4277 1002 4339 quamvis
1019 4278 1148 4328 Semitiea
1170 4279 1254 4344 stirpe
1276 4282 1322 4332 du-

193 4334 283 4385 fictam
296 4337 384 4388 videri
399 4339 553 4401 contendit,
574 4355 634 4389 eum
647 4341 735 4391 Cadmi
783 4347 856 4393 ctum
875 4344 1001 4395 videatur
1012 4347 1135 4412 Hiteigio
1154 4345 1323 4410 (Zeitsehrist

194 4420 290 4458 nomen
315 4407 423 4458 minime
446 4408 555 4460 aliunde
580 4409 731 4475 advectum,
783 4413 810 4464 d.
827 4412 1253 4492 deutschMorgeuhtifsellseh.
1272 4419 1320 4470 IX.
