3038 4994
509 351 518 358 ”
604 350 784 414 ΕΒΑΤΟ.
808 352 863 414 VI.
882 360 924 416 46.
1267 345 1328 412 283

196 527 310 616 μένγε
330 531 399 597 τῶν
418 527 456 597 ia
470 522 738 616 Σκαπτὴς”Τλης
757 531 825 596 suiv
838 526 990 614 χρυσέων
1008 521 1182 614 μετάλλων
1204 521 1241 594 τὸ
1256 526 1327 595 ἐπί-

197 653 265 702 παν
285 629 480 718 ὀγδώκοντα
506 629 651 700 τάλαντα
673 631 828 720 προσήλε,
862 632 898 698 ἐκ
920 629 957 698 δὲ
977 633 1046 698 τῶν
1068 632 1104 698 έν
1126 625 1210 719 αὐτῇ
1230 629 1329 722 Θάσῳ

197 735 326 805 ἐλάσσω
341 733 563 822 pinnedene,
578 731 684 822 συχνοὶ
700 734 736 803 δὲ
752 731 857 817 οὕτω,
876 728 959 802 ὥστε
974 729 1011 800 τὸ
1025 736 1149 802 ἐπίπαν
1164 739 1328 817 Θασίοισι,
1424 769 1437 792 ·

198 841 290 908 ἐοῦσι
306 841 445 926 καρπαλυ
455 835 597 924 ἀτελέσι,
612 837 751 926 προσήλε
765 834 830 905 ἀπό
844 862 879 904 τε
894 842 950 925 τῆς
963 832 1104 924 ἠπείρου
1118 837 1173 904 καὶ
1188 841 1256 905 τῶν
1269 863 1326 924 με·

198 941 329 1012 πάλλων
349 946 439 1021 ἔτεος
460 941 599 1012 ἑκάστου
619 938 772 1030 διηκόσια
791 939 952 1026 τάλαντα,
981 935 1036 1008 ὅτε
1057 940 1092 1010 di
1116 938 1153 1010 τὸ
1173 949 1329 1012 πλεῖστον

234 1134 263 1192 ἔτι
280 1135 332 1208 μέν
346 1155 375 1207 γε
391 1139 448 1191 ταλν
467 1135 496 1192 ἐκ
510 1129 740 1208 Σκαπτῆς”λ’λης
790 1139 893 1192 Eodem
914 1141 993 1193 modo
1007 1145 1107 1194 Noster
1124 1143 1181 1204 111,
1196 1142 1227 1196 91
1252 1131 1329 1190 eira-

199 1210 256 1262 τών
273 1207 398 1276 χρυσέων
414 1204 572 1276 μετάλλων]
607 1213 739 1264 Voculam
790 1210 847 1260 λέα
862 1203 967 1274 Πέρσαι
981 1206 1113 1276 νέμονται
1129 1205 1238 1276 χώρην,
1251 1214 1328 1262 itam-

199 1296 229 1346 γε
244 1283 370 1346 inprimis
387 1286 466 1346 urget
477 1281 604 1346 harcher,
625 1283 739 1332 reddens
790 1297 841 1346 que
858 1281 910 1338 ΙΙΙ,
920 1281 963 1330 97.
980 1281 1028 1332 160
1043 1290 1071 1334 et
1084 1285 1106 1341 l,
1119 1283 1177 1334 192.
1206 1283 1261 1346 „Et
1274 1283 1328 1332 iru-

199 1354 331 1402 oomoine.
360 1349 739 1416 Mihinihilampliusralere
791 1352 875 1402 menti
898 1352 976 1414 copia
993 1352 1154 1402 abundabat
1169 1352 1276 1402 Theaua
1302 1356 1330 1401 et

199 1421 308 1474 videtur
320 1421 374 1469 nisi
383 1429 460 1471 certe.
488 1421 614 1474 Euatnth.
627 1421 663 1470 ad
676 1422 741 1470 ΙΙλο-
790 1421 882 1470 vinum
897 1435 1001 1485 quoque
1013 1423 1134 1486 inprimis
1145 1420 1330 1472 celebreTha-

200 1505 259 1554 uys.
277 1489 382 1554 Perieg.
398 1491 448 1540 517
462 1489 630 1540 Herodotum
650 1492 739 1540 citans
789 1491 857 1540 sium
876 1495 943 1540 orat.
974 1489 1027 1540 Sed
1041 1493 1168 1541 videntur
1185 1497 1212 1539 at
1227 1489 1329 1540 fertiles

201 1559 310 1610 exhibet
323 1555 442 1623 μέταλλα
461 1557 551 1624 χρυσᾶ
569 1557 695 1625 σκαπτῆς
711 1549 740 1607 d·
790 1560 982 1609 'iirasiomma
1004 1561 1027 1609 ri
1041 1568 1067 1610 et
1077 1562 1168 1611 vineta
1182 1561 1209 1610 in
1223 1561 1330 1623 opposi-

201 1630 259 1692 λης.
298 1629 430 1694 Equidem
455 1645 515 1680 cum
539 1635 652 1681 reeentt.
677 1629 738 1680 edd.
789 1573 1146 1696 λαοοοιλιιειιιε(ένὴπείρῳ)
1162 1628 1331 1679 maximat'u·

200 1699 367 1760 Florentini,
387 1699 503 1750 aliorum
525 1699 625 1750 retinui
643 1699 739 1750 lectio·
789 1699 857 1760 iaae;
876 1713 972 1763 nempe
993 1701 1020 1749 in
1035 1699 1169 1750 Thraciae
1182 1715 1244 1759 ora,
1260 1714 1330 1763 qnae

201 1785 277 1830 nem,
297 1783 377 1834 qnam
396 1784 428 1818 ex
446 1783 499 1818 uno
513 1768 652 1819 Sancrotti
671 1769 739 1818 libro
790 1767 953 1819 Thasiorum
967 1767 1035 1818 tuit:
1056 1771 1178 1834 quicum
1194 1769 1330 1818 fructuum

201 1837 351 1902 Solrweigh.
371 1844 398 1888 et
415 1837 503 1889 Gniai.
517 1844 656 1889 mutarunt
669 1840 697 1888 in
710 1829 741 1886 ίν
791 1838 898 1887 nomine
914 1853 946 1885 ex
966 1853 998 1886 ea
1018 1840 1128 1904 regione
1142 1843 1330 1904 perceptorum

201 1905 319 1972 Σκαπτῇ
329 1899 408 1972 '‘Tip.
435 1907 565 1958 Herodot.
581 1909 637 1972 ΙΙΙ,
651 1909 676 1958 6.
692 1908 739 1969 IV,
790 1922 839 1955 nee
851 1906 987 1956 Thracum
1000 1908 1110 1973 regibus
1123 1905 1277 1960 uec'Persia
1291 1925 1331 1957 oe-

204 1977 251 2027 llb
269 1983 296 2028 et
309 1993 379 2042 qnae
397 1977 434 2028 ibi
447 1976 625 2028 laudavimus.
646 1979 683 2040 V,
698 1977 740 2027 35.
790 1977 866 2040 rtipat
881 1977 952 2024 rollum
970 1981 1019 2024 ont
1037 1978 1152 2027 tributum
1171 1978 1330 2042 penderent,

201 2045 455 2100 accineretur.
472 2051 496 2110 §-
507 2047 567 2101 623.
589 2046 667 2111 Apud
681 2047 739 2096 Ste-
791 2033 869 2094 έοῦσι
889 2041 1007 2106 καρπῶν
1024 2036 1144 2104 ἀτελέσι,
1162 2047 1197 2096 ad
1215 2047 1330 2108 reditus,

201 2115 283 2181 phun.
299 2117 365 2180 Byn.
380 2131 441 2181 pag.
455 2117 516 2168 672.
539 2107 740 2194 Σκαπτησύλρ,
791 2129 857 2178 qnos
869 2129 901 2163 ex
916 2113 1032 2163 metallis
1045 2116 1246 2179 percipiebant,
1268 2116 1331 2165 iusi·

201 2177 284 2242 πυλις
301 2177 417 2252 Θρᾴκης
435 2177 535 2253 μικραὶ,
553 2175 672 2247 ἀντικρὺ
685 2183 741 2236 Θα-
790 2185 850 2248 guia
865 2183 1010 2246 quotannis
1023 2185 1146 2235 cumulus
1157 2201 1189 2235 ex
1205 2200 1331 2250 agrorum

201 2267 261 2305 σου.
287 2255 340 2305 Ubi
354 2255 519 2305 coniunctim
534 2255 663 2304 scribitur
677 2269 740 2304 vox.
791 2255 905 2302 istorum
925 2253 1130 2318 vinetornmque
1148 2259 1282 2318 proventu
1301 2253 1331 2302 il·

201 2325 244 2374 Tu
274 2325 375 2374 rectius
403 2339 468 2374 sane
494 2326 598 2375 scribas
623 2313 741 2387 Σκαπτή
791 2321 1016 2372 lisuncedebat.“
1042 2322 1234 2388 ‚Schweiph
1274 2325 1331 2373 Nec

191 2384 278 2456 Ὕλῃ,
296 2393 385 2443 divisa
398 2397 513 2459 utrique
528 2392 639 2454 vocula,
661 2407 741 2458 quam
791 2391 871 2442 aliter
889 2390 914 2441 h.
933 2391 949 2440 l.
967 2392 1058 2456 accipi
1076 2391 1155 2443 video
1176 2409 1192 2442 a
1211 2391 1330 2443 Beeekb.

201 2463 252 2512 hoe
273 2479 380 2529 quoque
405 2463 464 2514 loco
481 2464 655 2514 coniunctam
673 2462 741 2511 San·
791 2459 1023 2510 Stnatshaushalt.
1042 2461 1066 2510 d.
1083 2461 1181 2511 Athen.
1197 2463 1220 2511 Ι.
1240 2477 1264 2526 p.
1280 2460 1331 2511 42³

201 2532 282 2582 erotti
297 2532 365 2583 liber
381 2533 468 2583 offert.
495 2534 580 2598 Regio
596 2533 656 2597 ipsa
669 2531 741 2581 Tha·
793 2531 837 2581 ed.
851 2547 916 2592 see,
932 2531 978 2596 qui
991 2545 1049 2580 eam
1063 2530 1118 2582 t'ere
1128 2530 1261 2582 Herodoti
1273 2546 1333 2582 sen-

202 2617 233 2652 ao
248 2602 300 2651 tuit
315 2603 442 2668 opposita
461 2604 489 2651 in
504 2603 670 2661 eontinenti;
689 2617 743 2666 qua
792 2601 906 2649 tentiam
926 2615 986 2650 esse
1005 2601 1101 2650 docet:
1125 2615 1140 2650 e
1162 2599 1280 2652 metallis
1304 2602 1331 2648 in

201 2670 316 2737 posthac
352 2672 434 2736 potiti
471 2677 534 2722 sunt
562 2673 742 2722 Athenienses
794 2675 867 2720 terra
884 2670 1035 2720 continenti
1055 2671 1118 2719 aitis
1139 2671 1172 2720 od
1187 2673 1331 2735 Scaptesy·

203 2755 336 2807 quamque
362 2742 445 2790 etiam
466 2742 507 2790 ita
530 2746 691 2803 tenuerunt,
713 2747 744 2790 ut
788 2739 846 2794 dam
867 2740 1013 2804 quotannis
1032 2743 1059 2788 in
1073 2741 1235 2790 Thraciarum
1258 2755 1333 2789 aern-

203 2811 317 2875 aingnlia
346 2811 447 2861 Atticis
477 2811 584 2861 civibus
622 2809 742 2872 metalla,
793 2811 862 2860 rium
877 2810 989 2860 rediirae
1007 2810 1147 2874 octogiuta
1159 2809 1270 2871 talenta,
1286 2809 1333 2858 mi·

204 2896 315 2945 quornm
335 2880 417 2930 etiam
430 2879 605 2944 Thucydides
622 2881 744 2930 meminit
794 2895 885 2928 norem
901 2894 1059 2929 summame
1075 2879 1191 2928 metallis
1207 2882 1233 2930 in
1248 2879 1333 2929 'l'lrasi

203 2949 311 3012 1‚100,
331 2965 466 3014 agrosque
486 2951 653 3001 concessisse
668 2950 743 3002 vide·
794 2949 885 2998 insula
906 2949 981 3012 sitia,
1001 2949 1049 3000 sed
1070 2953 1177 2999 tontum
1196 2955 1286 3010 certe,
1304 2953 1334 2998 ut

202 3025 294 3069 alitur.
327 3019 401 3068 Satis
419 3019 744 3083 conatat‚Tbucydidem
795 3017 1096 3086 T‘haaiorum(quiipni
1115 3020 1187 3068 ornni
1207 3035 1332 3084 agrorum
1390 3077 1395 3088 Ι

202 3087 300 3138 ibidem
316 3088 472 3152 possedisse
485 3089 606 3146 metalla,
622 3105 692 3154 quae
708 3089 743 3139 ab
794 3087 991 3154 fundorumque
1004 3089 1106 3139 tributo
1117 3091 1237 3153 exempti
1248 3089 1333 3148 lueret

203 3173 286 3207 urere
301 3157 364 3208 hine
376 3157 460 3209 ducta
473 3162 636 3224 acceperat,
651 3159 743 3222 ibique
794 3157 897 3208 reditus
914 3159 999 3209 annui
1021 3173 1035 3207 e
1058 3159 1176 3210 metallis
1200 3161 1226 3208 in
1249 3159 1336 3208 couti-

203 3228 284 3278 etiam
298 3227 402 3277 diutins
415 3241 474 3279 ease
488 3231 690 3286 commoratum,
705 3227 745 3276 lri-
795 3228 872 3277 nenti
896 3243 981 3292 aeque
1003 3233 1083 3291 atque
1106 3229 1133 3277 in
1154 3227 1244 3278 insula
1263 3229 1334 3290 sitis,

203 3300 307 3346 ateriae
323 3297 484 3347 scribendae
507 3313 616 3361 operam
639 3312 744 3348 navun-
794 3299 849 3344 und
874 3311 934 3345 curn
953 3297 1135 3360 vectigalibus
1161 3296 1237 3356 uliia,
1262 3299 1334 3347 iutra

203 3371 265 3416 tem.
296 3366 357 3414 Vid.
374 3365 525 3416 Marcellin.
539 3367 572 3414 V.
593 3365 745 3429 Thucydid.
794 3365 900 3415 noenta
915 3379 947 3415 ac
961 3373 1074 3416 trecento
1087 3366 1193 3416 talentu
1205 3365 1335 3417 constite-

203 3441 227 3498 ς.
244 3437 283 3486 ut.
297 3438 330 3486 26
341 3436 432 3500 ibique
445 3441 524 3516 nott..
537 3435 742 3485 blaucartvll.
794 3436 859 3487 rint.
891 3435 930 3484 Ac
948 3434 1066 3485 ducenta
1086 3436 1202 3498 talenta,
1219 3438 1335 3486 Wnrmi-

203 3495 743 3640 λλλλλιλλλλ
794 3504 1335 3642 λ,τλλλλλλλλλ

202 3637 334 3693 τουτέων.
797 3641 936 3704 talaiae
960 3643 1063 3696 franco.
1085 3645 1214 3710 Gallice,
1238 3655 1335 3697 trecea-

795 3721 821 3762 tu
834 3711 957 3762 efficiunt
970 3714 1082 3776 relata
1096 3716 1208 3767 lloreuu.
1222 3717 1238 3768 6
1250 3717 1336 3767 cruci·

237 3771 315 3830 ἐοῦσι
334 3773 453 3844 καρπῶν
471 3771 595 3846 ἀτελέσι]
625 3783 685 3832 Ηοσ
703 3784 744 3832 ita
795 3797 865 3846 gerr.
887 3782 946 3832 sive
973 3783 1221 3850 ruodmannum
1253 3785 1335 3846 (tali,

203 3851 336 3916 intelligo,
348 3856 380 3900 ut
395 3850 500 3914 Thasii,
514 3867 626 3916 quorum
642 3852 745 3902 reditus
795 3855 920 3916 octopinto
945 3851 1049 3903 talenta
1077 3861 1196 3920 aequant
1222 3856 1336 3916 edaldo

203 3926 260 3970 tam
273 3919 357 3984 ampli
373 3921 510 3971 inornate
526 3921 658 3984 metallis,
672 3922 745 3970 omni
796 3923 909 3971 tierenn.
932 3921 964 3974 10
978 3924 1094 3990 orueigg.
1126 3927 1201 3974 Haec
1221 3925 1335 3974 Thasio-

203 4005 235 4039 eo
263 3989 382 4050 tributo,
409 3991 481 4054 qnod
506 3991 578 4055 agris
599 4005 745 4055 eorumque
796 4005 853 4040 rum
869 3991 979 4041 metalla
992 3994 1133 4056 postmodo
1149 3997 1176 4043 in
1191 3993 1337 4043 Athenien-

203 4060 327 4124 frugibus
343 4060 446 4124 imponi
461 4059 580 4120 solebat,
593 4061 677 4126 igitur
691 4075 745 4109 om·
796 4061 865 4110 aium
883 4065 1046 4126 potestatam
1067 4063 1210 4114 devenisse
1229 4063 1336 4126 aceepi-

204 4131 232 4178 ni
247 4129 353 4180 decima
370 4127 414 4178 vel
428 4129 483 4178 alia
500 4130 617 4194 quadum
631 4133 709 4194 parte
729 4143 744 4179 a
796 4146 863 4180 mua.
893 4132 1004 4183 Oreus.
1024 4133 1128 4182 consuli
1146 4131 1204 4181 vult
1222 4130 1334 4182 Eckhel.

205 4199 330 4264 frugibus
346 4199 482 4262 perceptia
500 4199 596 4249 tributi
612 4199 672 4248 loco
691 4197 745 4248 sol·
795 4199 890 4249 Doctr.
910 4201 944 4250 N.
965 4203 998 4252 V.
1016 4200 1077 4251 Vol.
1104 4201 1141 4253 11.
1166 4217 1228 4265 pag.
1251 4201 1285 4252 63
1309 4205 1336 4251 et

203 4269 426 4332 venda,axempti
434 4267 541 4324 tuerint.
549 4268 650 4319 nullum
661 4268 745 4333 igitur
795 4269 839 4320 bt.
875 4269 944 4320 aad.
963 4285 1032 4336 qnae
1045 4269 1149 4332 profert
1162 4270 1280 4322 Voernel.
1300 4271 1336 4322 ad

204 4338 336 4387 tributum
350 4351 460 4400 prorsus
470 4337 611 4398 solverint,
624 4353 685 4390 cnm
698 4338 744 4388 vix
796 4339 974 4390 Demosthen.
993 4339 1109 4410 Philipp.
1128 4339 1254 4408 Prologg.
1271 4356 1335 4414 pag.

203 4405 260 4457 alia
280 4405 442 4458 tributorum
456 4421 557 4472 genera
572 4410 744 4462 exsisterent.
795 4407 838 4461 66.
