3038 4994
212 346 274 411 326

648 343 913 406 HERODOTI

207 517 380 606 Ἀρκάδων
409 515 486 598 τούς
515 523 741 604 προεστεῶτας
771 516 933 605 ἀγινέων,
961 520 1121 606 ἐξορκοῦν
1142 517 1179 588 τὸ
1207 518 1400 606 Στυγὸς172

213 718 338 784 Cyllenes
353 717 459 767 radices
476 717 644 768 occidentem
658 723 685 768 et
700 735 752 768 ma-

212 790 308 839 ridiem
329 803 425 838 versus
445 787 472 836 in
492 787 578 845 valle.
603 803 684 854 quarn
703 788 753 837 alti

213 863 319 910 montes
331 858 449 922 undique
463 857 618 916 includunt;
634 873 687 906 non
698 857 755 907 lon-

214 945 248 994 ge
267 928 301 978 ab
318 928 405 990 ipsius
422 926 497 976 urbis
516 927 659 976 admodum
677 931 755 978 vetu-

215 1005 275 1047 stae
289 1001 316 1046 et
327 997 436 1046 heroica
447 1001 539 1047 aetate
549 997 701 1046 celebratae
711 1012 755 1046 ru-

214 1067 326 1118 deribus
340 1081 410 1116 nnuc
421 1067 540 1116 cernitur
550 1068 638 1128 vicus,
648 1068 694 1130 qui
708 1081 755 1116 nn-

214 1137 319 1200 tiqusm
337 1135 547 1200 appellationem
559 1136 684 1186 retinuit:
707 1151 754 1186 vo-

215 1212 293 1256 catur
307 1207 377 1256 euim
390 1205 500 1256 Pitonia:
519 1205 574 1255 vid.
589 1205 699 1254 Curtius
713 1205 754 1254 in:

213 1275 392 1340 Peloponnes.
412 1276 434 1324 Ι.
454 1290 518 1338 pag.
539 1273 588 1324 185
606 1289 683 1339 seqq.
706 1273 750 1323 191

214 1361 289 1409 seqq.
304 1344 364 1397 211.
386 1344 463 1395 l'nde
476 1343 510 1393 ab
520 1343 688 1394 occidentem
702 1344 755 1392 luit

214 1416 269 1464 sita
281 1414 419 1473 Nonacris,
437 1415 514 1464 cuins
528 1415 643 1476 exiguas
661 1415 754 1464 ruinas

214 1487 324 1534 exstare
337 1483 433 1532 scribit
446 1485 564 1533 Panssn.
579 1483 666 1543 VIII,
684 1483 724 1544 17,
739 1484 755 1533 5

215 1553 275 1604 coll.
290 1552 416 1602 Strabon.
431 1553 509 1602 VIII.
523 1568 550 1616 p.
565 1551 645 1602 597A
658 1571 680 1603 1.
694 1551 755 1604 389.

214 1625 317 1674 Nostra
333 1626 425 1672 astato
441 1624 488 1672 vix
503 1621 649 1686 quidquam
663 1637 756 1686 super-

216 1708 276 1743 esse
290 1691 411 1754 videtur,
425 1692 497 1756 quod
517 1692 617 1742 veteris
630 1692 705 1741 urbis
720 1691 757 1740 si-

214 1767 271 1812 tum
291 1760 413 1811 indicare
433 1761 533 1824 possit:
558 1777 574 1808 a
591 1759 699 1812 Pheneo
716 1776 756 1810 se-

214 1831 396 1896 ptentrionem
419 1835 447 1880 et
471 1829 639 1880 occidentem
660 1846 756 1880 versus

215 1902 270 1952 sits
294 1901 322 1949 in
349 1901 415 1964 ipsis
440 1899 577 1950 montibus
600 1900 756 1964 quaerenda

215 1971 268 2022 crit
286 1985 317 2019 eo
336 1969 419 2019 ferme
434 1969 507 2029 loco,
529 1985 608 2034 quem
630 1975 685 2020 tres
702 1969 756 2018 vici

215 2054 287 2089 nnnc
305 2040 429 2089 obtinere
450 2039 590 2089 dicuntur:
613 2040 756 2100 Perimere,

218 2109 470 2174 .l1esurrr9i,Solos;
497 2109 635 2159 indicatur
658 2125 755 2175 pagus,

216 2185 271 2229 tres
283 2179 365 2228 hosce
379 2179 453 2229 vicos
466 2178 659 2243 complectens,
671 2180 756 2228 nomi-

216 2265 250 2299 ne
261 2248 388 2299 Illulsiads
400 2249 443 2300 his
453 2250 597 2299 communi.
619 2250 662 2297 lta
676 2248 756 2299 docet

216 2319 326 2370 Curtius
338 2318 356 2367 l.
371 2317 389 2368 l.
403 2335 429 2383 p.
447 2318 502 2369 199.
519 2317 580 2368 213.
610 2319 690 2368 Unde
703 2334 757 2367 me-

215 2389 312 2438 ridiam
323 2403 417 2439 versus
431 2389 456 2436 si
469 2389 593 2438 escendis
606 2403 654 2451 per·
672 2404 756 2452 angu-

216 2467 287 2509 stam
297 2457 406 2514 vallem.
419 2457 526 2521 aliquot
538 2457 663 2506 horarum
677 2457 755 2506 itine-

215 2545 244 2578 re
270 2542 355 2591 eoque
378 2525 457 2576 valde
482 2525 584 2575 diflicili
611 2527 644 2576 ad
666 2543 756 2591 uquam

214 2597 341 2662 Sipyleia,
357 2611 426 2659 quae
444 2595 507 2644 olim
528 2595 682 2655 dicebatur,
698 2611 756 2659 per·

215 2667 308 2726 renis,
327 2667 404 2715 cuius
425 2664 545 2713 eiusdem
560 2664 625 2712 iecit
641 2666 755 2713 mentio-

216 2751 275 2784 nem
283 2735 436 2783 Pausanias
446 2733 506 2782 loco
516 2732 629 2782 laudato
640 2739 667 2782 et
677 2733 755 2796 VIII,

217 2805 257 2854 18.
279 2802 304 2863 1.
322 2805 347 2851 2.
377 2801 417 2852 19.
442 2805 466 2863 ξ.
488 2803 503 2849 2
526 2801 603 2862 plura
624 2803 756 2852 adiiciena

216 2871 249 2920 de
263 2872 291 2918 ri
300 2870 380 2920 huius
395 2885 480 2934 aquae
490 2871 676 2920 animantibus
688 2887 758 2922 mor.

216 2941 313 3000 tilam,
328 2937 438 2988 metalla
453 2938 614 3003 lapidesque
629 2939 759 3006 frangen-

216 3013 244 3060 te
257 3024 290 3059 ac
304 3008 482 3069 dissolvente,
498 3007 560 3056 aliis
573 3009 652 3058 rebus
666 3017 756 3073 putre-

217 3079 306 3128 dinem
323 3077 461 3128 affereute.
488 3079 610 3127 Pertinet
623 3078 683 3140 lme,
701 3079 757 3128 alia

218 3154 248 3198 ut
261 3153 385 3208 taceam,
399 3164 431 3197 ea
446 3149 534 3208 sanis,
550 3163 619 3212 quae
629 3149 686 3197 sire
698 3150 757 3198 Ari-

218 3216 342 3268 stotelem
363 3218 421 3267 sive
438 3219 610 3282 Antipatrum
634 3218 704 3268 banc
730 3236 757 3268 u·

216 3303 297 3352 qnam
314 3302 380 3336 vase
401 3305 434 3338 ex
453 3287 555 3348 ungula
572 3288 697 3339 conlecto
716 3290 757 3338 in-

216 3356 318 3408 clusam
347 3357 453 3408 misisse
475 3355 628 3408 Alexandro
648 3360 756 3422 Magno,

217 3442 271 3490 qua
295 3428 510 3490 iuterimeretur‚
538 3427 657 3488 ferebat,
686 3428 756 3478 sutis

217 3511 289 3546 nunc
308 3496 421 3560 explosa
440 3496 524 3561 (conl.
541 3497 680 3549 Plutarch.
700 3498 756 3546 Vit.

215 3564 363 3615 Alexandr.
377 3565 437 3628 Π),
456 3583 536 3630 quam
550 3582 636 3630 nuper
650 3581 756 3630 quoque

215 3634 311 3699 attigit
327 3635 467 3700 Goettling
484 3637 510 3684 in
530 3637 758 3686 commentatione

216 3705 367 3766 praemissa
393 3703 480 3753 Indici
509 3703 604 3754 scholl.
632 3705 756 3757 hibernn.

216 3775 245 3823 in
268 3774 448 3825 linirersitat.
472 3775 537 3824 Litt.
562 3773 671 3824 lenensi
694 3791 755 3824 ann.

216 3840 434 3892 MDCCCINIII
445 3843 673 3893 etltlDCCCLIX.
688 3843 756 3894 Add.

216 3911 320 3962 Aelisn.
333 3913 367 3961 N.
380 3912 413 3962 Α.
427 3913 466 3972 X,
481 3911 522 3960 40.
548 3913 676 3974 Antigon.
694 3913 756 3961 Car.

218 3985 241 4044 5.
256 3982 316 4043 171,
329 3980 375 4030 ubi
388 3980 552 4030 Bcckmann.
567 3981 602 4030 ad
617 3981 756 4032 Aristotel.

216 4053 314 4101 Auscc.
330 4050 442 4100 mirabb.
458 4053 481 4112 ς.
497 4049 542 4100 131
564 4051 714 4100 emandans
729 4051 757 4098 in

216 4135 296 4170 veras
311 4120 424 4184 inquirit
442 4134 540 4169 causas
558 4134 665 4180 eornm,
688 4135 756 4184 quae

217 4189 249 4238 de
260 4189 340 4239 huius
356 4203 441 4253 aquae
457 4190 485 4238 ri
497 4187 693 4252 praedicabant
711 4205 757 4238 ve-

216 4261 297 4308 teres.
332 4260 367 4308 Et
385 4257 479 4307 contar
498 4271 604 4321 quoque
621 4260 756 4308 llannert.

216 4323 233 4374 l.
249 4325 266 4375 l.
287 4343 350 4392 pag.
364 4329 423 4376 412.
449 4327 521 4388 Quin
535 4326 623 4376 adlmc
641 4328 710 4376 talia
724 4328 759 4376 111

216 4391 268 4443 bac
282 4411 353 4460 aqua
364 4395 515 4461 praedicari
527 4397 561 4446 ab
573 4397 707 4464 indigenis
717 4403 757 4446 te·

804 724 911 770 stantur
930 719 1149 784 peregrinatores
1168 721 1345 784 recen-tiores,
1382 707 1399 801 1

805 788 949 848 0111111111,
958 788 1193 854 DeStaclrelberg‚
1202 789 1262 845 slii;
1274 791 1345 841 idem

804 857 925 908 affirmat
937 859 1047 907 Curtius
1064 857 1082 907 l.
1097 858 1114 910 1.
1129 873 1192 922 pag.
1209 859 1271 920 198,
1292 877 1346 924 quo

805 934 934 978 narrante
954 927 1042 976 adbuc
1062 928 1183 978 vicorum
1206 945 1273 994 quos
1290 931 1347 980 dixi

805 998 910 1048 Incolae
925 1012 1057 1062 quemque
1070 1003 1193 1058 monent,
1207 1005 1237 1047 ut
1249 1005 1348 1049 caveat

805 1069 857 1116 sibi
879 1069 913 1116 ab
933 1081 1004 1131 aqua
1021 1067 1117 1131 Stygia
1138 1065 1271 1126 bibenda,
1292 1085 1347 1134 qus

805 1137 847 1188 sil.
862 1137 949 1202 perire
963 1141 1063 1200 putant
1076 1152 1145 1197 euni,
1155 1139 1201 1200 qni
1217 1134 1347 1198 pistave-

804 1208 849 1256 rit.
885 1209 978 1270 Neque
1003 1205 1081 1255 aliter
1105 1206 1190 1255 tradit
1214 1207 1347 1258 Viscbcr:

805 1278 1005 1339 Erinuerungg.
1026 1291 1076 1324 11111
1095 1274 1294 1326 Griecheuland
1318 1293 1344 1342 p.

805 1346 871 1404 192,
893 1347 1012 1408 itemque
1027 1343 1138 1394 01111.
1155 1344 1345 1411 8111111111(Ατ-

805 1415 915 1464 kadien.
940 1414 1020 1464 Scine
1035 1415 1122 1463 Natur
1135 1420 1187 1464 etc.
1207 1415 1346 1481 Stuttgart

808 1484 882 1534 1852.
896 1501 921 1549 p.
938 1483 968 1534 19
978 1482 1078 1548 seqq),
1091 1483 1138 1547 qui
1150 1490 1270 1534 veterum
1281 1486 1347 1534 seri-

808 1559 915 1619 ptorum
925 1553 992 1602 locis
1003 1553 1036 1602 de
1043 1552 1154 1616 Stygiae
1164 1569 1252 1618 aquae
1261 1557 1290 1604 ri
1300 1570 1347 1604 nn-

806 1624 867 1674 cira
883 1623 1004 1686 adeoque
1023 1623 1161 1672 mortifera
1176 1623 1263 1674 denuo
1278 1623 1346 1673 alla-

805 1693 841 1744 tis
860 1694 887 1742 in
904 1693 990 1756 ipsius
1003 1706 1091 1756 aquae
1106 1693 1159 1740 rim
1174 1699 1347 1742 conaturam

805 1767 934 1813 accurate
944 1761 1086 1826 inquisivit
1097 1777 1185 1826 neque
1195 1778 1259 1812 vero
1270 1763 1345 1827 qnid·

805 1849 886 1898 quarn
895 1833 922 1880 in
932 1831 983 1880 hac
994 1846 1068 1896 aqua
1077 1830 1167 1881 inesse
1177 1833 1345 1896 pronuntiat,
1401 1843 1405 1850 ⁴

807 1903 877 1967 quod
891 1916 988 1952 nocere
1003 1905 1171 1965 mortemque
1184 1902 1252 1950 adeo
1267 1902 1345 1951 affer-

806 1988 834 2022 re
853 1973 956 2036 possit:
981 1969 1124 2019 admodum
1141 1987 1234 2032 puram
1249 1971 1347 2020 scribit

807 2057 867 2094 esse
879 2056 979 2105 aquam
987 2038 1121 2103 valdeque
1131 2040 1265 2105 frigidam¹
1280 2055 1347 2106 qua-

805 2112 840 2161 lis
852 2111 880 2160 in
895 2110 1030 2160 montibus
1045 2108 1188 2159 altioribus
1202 2109 1273 2160 haud
1283 2125 1347 2159 raro

806 2181 941 2246 reperitur
960 2194 1007 2240 ac,
1030 2179 1081 2228 nisi
1101 2179 1134 2228 ab
1154 2180 1346 2230 aestuantibus

806 2256 856 2302 aut
878 2249 1039 2301 sudantibus
1059 2249 1183 2310 bibatur,
1202 2249 1348 2299 recreatio·

807 2337 867 2370 nem
888 2317 1113 2386 potius'dalessis
1133 2335 1166 2368 ac
1188 2319 1347 2369 sitientibus

806 2391 971 2454 affertquam
984 2387 1066 2436 ullum
1082 2389 1278 2438 incommodum
1293 2403 1348 2437 cre-

807 2467 845 2510 11.
874 2459 940 2508 Inde
960 2456 1033 2506 baud
1049 2458 1160 2520 mirum,
1176 2459 1246 2522 quod
1260 2459 1348 2507 Hero·

807 2531 897 2586 (lotus,
910 2530 955 2592 qui
969 2527 1057 2577 obiter
1068 2531 1174 2576 tantum
1188 2533 1215 2577 et
1228 2528 1348 2576 occasio-

805 2613 840 2647 ne
852 2597 944 2646 oblato
957 2597 1069 2660 StygIae
1084 2611 1172 2660 squas
1184 2597 1347 2647 mentionem

807 2668 885 2726 feeit,
903 2667 969 2716 nibil
988 2665 1020 2715 de
1032 2666 1075 2716 his
1092 2665 1217 2719 tradidit.
1251 2666 1349 2715 Caete-

805 2751 863 2786 rum
891 2736 1050 2786 Herodotea
1077 2737 1195 2800 respexit
1219 2735 1346 2785 Euststh.

806 2806 841 2855 ad
858 2805 900 2853 lli.
916 2821 940 2868 p.
955 2805 1016 2864 391,
1035 2805 1064 2855 18
1077 2821 1099 2856 s.
1110 2807 1169 2866 228,
1184 2805 1208 2866 3,
1223 2821 1255 2854 ex
1269 2809 1348 2868 parte

807 2874 1347 2937 descripsitStobaeusEcloeg.physice.
1418 2907 1421 2912 -

807 2949 834 2994 et
856 2944 954 2994 ethico.
977 2945 1005 3004 1,
1023 2946 1065 2993 52.
1091 2959 1152 3008 pag.
1176 2943 1241 2994 1015
1266 2945 1299 2993 Τ.
1320 2945 1348 2993 II

807 3015 924 3065 Heereu.

841 3074 994 3142 audiisses
1004 3067 1224 3144 Ιἦο--ἒξοροοῠο
1232 3073 1264 3129 ad
1277 3079 1348 3129 Στο-

807 3143 856 3213 1ὸς
868 3141 964 3214 ὕδωρ]
988 3151 1019 3200 ln
1034 3151 1138 3200 duobus
1157 3151 1234 3200 codd.
1257 3155 1348 3200 exstat

808 3211 936 3283 ἔξορκοῦ,
951 3221 979 3269 in
993 3219 1106 3285 reliquis
1117 3211 1256 3282 ἒξορκῶνς
1275 3220 1349 3282 quod

808 3307 867 3340 curn
888 3291 953 3341 ferri
973 3293 1105 3354 nequeat,
1122 3290 1272 3353 recepimus
1284 3287 1350 3339 Val-

808 3361 885 3410 cken.
898 3359 1112 3412 emendationem
1126 3353 1272 3420 ἔξορκοῦο,
1287 3373 1349 3408 eum

808 3430 900 3480 eodem
916 3429 1100 3492 praecipiente
1118 3427 1260 3478 formulam
1280 3420 1350 3485 ποό-

809 3497 905 3561 dcccc
918 3486 969 3560 ἦν,
987 3491 1145 3558 προθύμως
1158 3491 1220 3562 ἔχω,
1238 3497 1350 3546 infiniti·

808 3584 858 3618 vus
871 3568 989 3631 excipiat
1000 3582 1110 3616 necesse
1121 3567 1167 3617 sit.
1188 3569 1286 3616 Μοοοο
1297 3567 1351 3615 lroc

809 3643 918 3700 propter
942 3638 1026 3685 virum
1057 3637 1181 3697 doctum,
1205 3637 1250 3700 qni
1275 3635 1350 3699 apud

809 3707 888 3756 llotlr.
909 3708 937 3755 in
957 3707 1033 3756 tht.
1051 3706 1088 3755 ad
1103 3705 1214 3754 Homeri
1232 3705 1276 3758 Ili,
1299 3707 1350 3768 lx,

809 3777 860 3826 504
880 3776 1007 3838 coniungi
1028 3774 1115 3824 voluit
1137 3769 1290 3834 πρόθυμος
1312 3761 1350 3839 ἦν

809 3836 981 3908 ἀγινέων,
1007 3844 1083 3893 cuius
1109 3843 1248 3907 participii
1264 3842 1299 3912 11.
1331 3843 1350 3894 l.

809 3914 883 3964 nulla
896 3913 951 3962 alia
965 3915 1037 3962 ratio
1051 3917 1100 3973 est,
1117 3913 1170 3960 nisi
1187 3911 1350 3962 anteceden-

809 3983 845 4032 tis
868 3982 1007 4048 partIcipii
1029 3973 1195 4044 προσάγωοε
1219 3983 1351 4032 admodum

807 4054 924 4115 cupiebat
940 4053 1092 4101 Demaratus
1109 4051 1237 4100 Arcadum
1259 4067 1351 4113 proce·

808 4139 851 4174 res
866 4123 994 4173 Nonacria
1011 4121 1098 4170 ductos
1115 4123 1250 4170 iuramenta
1262 4121 1351 4185 adipe-

807 4209 845 4243 rc.
877 4193 966 4254 Atque
984 4180 1122 4250 ἔξορκοῦν
1139 4180 1171 4236 τὸ
1189 4181 1300 4251 Στυγὸς
1320 4177 1352 4238 d-

808 4259 866 4319 δωρ
889 4265 945 4309 est:
967 4259 1132 4309 iureiurando
1144 4273 1194 4320 par
1208 4257 1309 4324 Stypem
1327 4275 1350 4310 s.

807 4331 919 4394 Stypiam
928 4345 1017 4392 nquam
1027 4325 1334 4394 adstrinpere(sllquem)
1343 4345 1349 4378 :

808 4399 841 4450 de
855 4397 1006 4448 accusativi
1021 4396 1109 4446 additi
1126 4395 1231 4445 ratione
1245 4396 1280 4447 cf.
1294 4397 1350 4448 He-
