2986 5014
228 309 290 374 818
629 311 945 440 EXCURSUSl:

228 486 295 540 malo
313 485 362 537 lias
377 503 423 538 res
437 491 537 555 sponte
552 485 626 538 coire
640 484 713 538 inter
733 503 763 536 se
781 493 809 537 et
823 484 986 554 coalescere,
1003 503 1083 556 quam
1095 487 1223 541 consulto
1239 483 1321 556 iungi
1336 496 1367 541 et

228 570 421 640 conglutinari.
466 570 565 640 Neque
579 571 650 622 enim
662 569 819 640 opinionum
835 579 982 624 commenta
996 588 1116 642 quaero,
1135 573 1184 624 sed
1205 575 1366 642 priscarum

227 673 318 712 rernm
343 654 551 725 tabularumque
575 671 729 724 germanam
756 655 929 726 nativamque
954 655 1080 708 indolem.
1110 687 1146 697 -
1173 659 1264 728 Atque
1293 659 1368 710 hanc

228 745 314 813 ipsam
329 758 361 794 ea
384 726 412 793 in
431 759 461 794 re
486 741 633 809 patefaciet
657 741 737 793 nobis
751 739 921 807 Pausanias,
946 757 999 810 quo
1012 759 1089 795 nemo
1110 743 1196 811 magis
1218 744 1245 795 in
1269 762 1368 796 rerum

228 827 409 897 scriptoribus
429 825 544 878 Graecis
559 825 709 892 Herodoti,
725 825 855 878 historiae
874 826 976 894 patris,
1002 826 1099 878 similis
1123 837 1175 881 est.
1221 828 1312 880 Cuius
1330 829 1368 880 de

228 913 379 966 Astrabaco
405 911 589 964 narrationem
611 911 714 964 Lacon.
737 909 815 976 XVI,
842 914 872 976 u,
896 911 942 962 abi
965 911 998 963 de
1024 911 1112 964 Diana
1139 913 1238 965 Orthia
1263 916 1367 975 refert,

229 997 338 1069 quanda
360 996 516 1050 universam
538 995 644 1063 recolo,
666 996 732 1047 haec
756 995 843 1048 omnia
861 995 984 1064 accipere
1007 996 1093 1049 malim
1108 1016 1158 1067 pro
1182 999 1250 1050 fama
1273 998 1366 1066 vulgi,

228 1099 299 1154 quae
316 1089 466 1152 temporum
482 1081 603 1134 rationes
619 1080 730 1133 mirifice
746 1081 915 1132 confundere
931 1080 1009 1134 solet.
1056 1082 1094 1133 Ac
1112 1083 1263 1134 consimilia
1282 1101 1368 1135 sacra

227 1168 305 1222 vario
319 1175 440 1237 ternpore
455 1173 636 1219 memorantur
648 1165 800 1218 invaluisse
817 1165 845 1217 in
863 1164 1063 1235 Peloponneso.
1093 1166 1226 1236 Spectant
1250 1168 1307 1220 ista
1328 1169 1365 1218 ad

229 1271 274 1306 res
289 1253 400 1306 lunares
416 1269 448 1304 ac
462 1251 612 1317 Venereas,
629 1250 741 1320 quaein
758 1250 799 1302 his
817 1247 918 1302 sabulis
933 1250 1078 1304 Laconicis
1094 1252 1241 1304 eminuere.
1268 1253 1366 1323 Atque

229 1339 271 1390 hic
290 1340 350 1409 ipae
365 1338 533 1390 Astrabacus
548 1336 580 1407 (i.
597 1355 621 1388 e.
643 1333 814 1402 astrologus)
837 1335 918 1388 beros
934 1335 1098 1404 antiquioris
1115 1337 1207 1388 herois
1223 1335 1364 1406 Pelopon-

229 1423 333 1476 nesiaci
347 1423 502 1474 memoriam
513 1425 629 1473 renovat
642 1419 832 1486 Endymionis.
867 1419 999 1472 Videlicet
1015 1419 1097 1474 hicet
1112 1421 1172 1491 ipse
1184 1428 1365 1474 astronomus

229 1509 318 1560 dictus
341 1509 374 1561 ob
392 1507 487 1560 Lanae
505 1503 665 1571 amorem*).
709 1505 747 1556 Et
766 1505 875 1574 quando
896 1507 1041 1575 Enabmion
1063 1523 1078 1558 a
1100 1509 1179 1560 bona
1199 1507 1365 1576 suscepisse

228 1592 329 1645 dicitnr
342 1594 538 1664 quinquaginta
553 1589 636 1656 filias,
658 1590 851 1659 unusquisque
866 1589 1009 1658 intelligit,
1027 1591 1177 1660 significari
1193 1591 1280 1661 prisci
1296 1593 1366 1644 anni

227 1677 332 1730 lunaris
355 1677 446 1730 orbem
468 1685 497 1728 et
515 1675 652 1728 ambitura.
698 1675 816 1738 Quando
838 1681 927 1728 autem
951 1675 1018 1728 idem
1042 1695 1075 1728 ex
1090 1679 1229 1732 Asterortr'c
1244 1687 1367 1744 generat.

228 1763 337 1830 heroes,
353 1761 401 1832 qui
416 1761 526 1832 populis
542 1759 713 1830 urbibusque
729 1759 838 1812 nomina
850 1761 960 1830 dedere,
977 1761 1027 1813 lroc
1042 1762 1108 1814 nihil
1124 1761 1197 1814 alind
1215 1770 1268 1826 est,
1284 1779 1367 1831 quam

227 1849 399 1902 Astrabacam
415 1847 530 1916 aliquem
552 1846 579 1897 in
598 1845 752 1898 Heraclidis
768 1863 782 1898 e
797 1863 900 1913 genere
915 1845 1183 1914 Eurysthenidnrnrn
1206 1847 1364 1898 momorari.

227 1933 303 1984 Haec
314 1932 407 1984 eadem
418 1926 577 2000 Ἀστεροδία,
593 1929 732 1983 stellarum
748 1929 892 1983 doclarans
908 1930 1059 2000 circuitum,
1076 1931 1168 1984 affictis
1185 1939 1229 1983 est
1243 1931 1364 1994 deabus,

228 2033 297 2088 quas
313 2027 445 2072 astrorum
460 2019 544 2071 cultas
559 2015 687 2068 sacravit.
717 2015 840 2078 Qttarum
857 2016 979 2083 nomina,
1004 2018 1043 2068 nti
1062 2015 1200 2080 assolent,
1224 2017 1259 2068 ad
1282 2033 1364 2070 snum

227 2119 378 2156 sermonem
393 2102 524 2170 redigunt
536 2100 637 2153 Graeci
653 2101 782 2152 homines.
805 2101 859 2164 Sic,
877 2110 907 2152 ut
921 2101 970 2152 boc
988 2113 1063 2168 utar,
1079 2101 1211 2170 Syrorum
1229 2102 1363 2172 [Phoeni-

228 2188 299 2255 cum]
316 2187 415 2257 religio
426 2180 608 2255 Ἀστροοὶρχην
620 2184 737 2256 aliquam
752 2182 941 2253 agnoscit**),
954 2203 969 2237 a
984 2185 1063 2238 Luna
1076 2205 1129 2238 ttutt
1143 2187 1256 2240 multum
1269 2188 1362 2240 direr-

228 2289 293 2326 sam.
330 2273 422 2342 Atque
444 2273 530 2340 ipsam
550 2271 655 2323 Lunam
678 2263 846 2340 Ἀστράρχρν
867 2279 1008 2342 nuncupat
1032 2271 1146 2342 Orphici
1167 2273 1267 2340 Hymn.
1294 2271 1362 2323 v111

228 2357 422 2427 [lll].rs.10.
467 2343 542 2423 lllagi
566 2361 655 2408 autem
678 2353 782 2408 Persici
803 2353 941 2410 consimile
961 2375 1057 2410 nomen
1078 2358 1201 2411 servarit
1218 2355 1361 2424 Diogenes

228 2443 368 2495 hairtins.
390 2433 716 2509 Dicitur’Aurpu'pttuzoc
728 2441 771 2493 rel
786 2442 856 2494 torte
868 2435 1138 2510 'Accptirtozocwi
1163 2441 1230 2492 lude
1246 2441 1364 2492 transiit

227 2527 260 2580 ad
288 2528 424 2580 Graecum
449 2526 594 2592 bominem,
625 2526 672 2595 qui
699 2533 809 2596 praeter
835 2526 1025 2578 cneirocritico
1051 2527 1129 2578 etiam
1156 2527 1282 2592 θεωρίαν
1306 2528 1365 2579 sair

225 2605 347 2680 ἀστέρων
365 2612 600 2680 conscripserat.“

313 2697 385 2765 „His
400 2696 500 2767 positis
516 2695 646 2750 neminem
668 2713 718 2764 ego
733 2695 870 2763 ambigere
885 2696 1019 2762 arbitror,
1043 2713 1097 2766 qno
1113 2695 1252 2764 pertinent
1269 2695 1312 2748 ris
1331 2713 1363 2748 ac

229 2788 353 2852 potestas
368 2781 484 2835 nominis
499 2774 696 2852 Ἀστρόβακος,
713 2781 772 2832 sive
787 2773 971 2852 Ἀστράβακος
986 2781 1165 2849 pronuntiare
1184 2781 1273 2834 malis.
1303 2780 1362 2833 Hes

229 2873 313 2936 atque
337 2871 524 2935 argumentum
548 2865 702 2918 istiusmodi
723 2866 832 2918 heroum
855 2867 961 2918 fabulae
980 2867 1013 2917 ab
1037 2866 1218 2918 orientalibus
1242 2867 1298 2918 oris
1317 2875 1362 2918 est

228 2951 356 3004 advecta:
373 2950 479 3002 nomina
494 2949 528 3001 sd
543 2950 739 3004 Graecanicum
755 2968 903 3004 sermonem
919 2951 1012 3003 elficta
1033 2951 1236 3021 immutataque.
1282 2952 1361 3003 Inest

228 3036 299 3088 enim
321 3034 363 3085 liis
385 3034 412 3085 in
437 3034 537 3085 tabulis
553 3033 679 3087 omnibus
700 3035 804 3088 lunaris
824 3035 916 3104 aliqua
936 3037 1021 3101 ratio,
1047 3035 1089 3089 vel
1105 3037 1199 3088 verius
1219 3035 1360 3088 lunaticus

228 3121 314 3172 furor.
361 3117 399 3170 Ac
421 3119 528 3171 nomina
547 3117 728 3188 eloquuntur,
745 3121 817 3189 quod
838 3138 913 3172 mens
928 3121 970 3172 vel
989 3121 1083 3190 potins
1100 3121 1217 3173 amentia
1236 3121 1360 3172 clausum

227 3203 360 3257 recondit.
416 3203 654 3257 Daemoniacarum
679 3205 904 3272 superstitionum
934 3206 1022 3258 ubivis
1057 3205 1196 3258 luculenta
1227 3205 1358 3273 vestigia.

227 3289 325 3359 Neque
348 3288 418 3342 enim
440 3289 549 3342 heroica
568 3289 654 3356 magis
672 3295 739 3340 sunt
759 3289 824 3342 haee
839 3289 964 3358 singula,
986 3307 1064 3360 quam
1086 3290 1275 3358 daemoniaca,
1300 3307 1360 3342 cum

225 3372 374 3440 gentiliciis
392 3374 627 3444 popularibusque
642 3373 728 3426 sacris
743 3377 868 3428 confusa.
913 3376 951 3428 Ac
966 3376 1144 3429 daemonibus
1165 3375 1362 3444 interpositum

225 3457 315 3528 ipsum
329 3463 505 3514 Astrabaram
520 3459 672 3512 videbimus
688 3459 830 3526 inira.“†)

311 3545 473 3612 „Hactenus
487 3544 521 3598 de
537 3545 701 3616 astrologiae
716 3543 919 3612 significatione
934 3545 1062 3598 adiuncta
1084 3545 1185 3598 nomini
1201 3543 1357 3598 Astrabaci.

225 3629 324 3700 Neque
337 3649 402 3684 vero
417 3631 557 3685 bestiarum
573 3628 737 3698 significatio
753 3628 901 3682 omittenda
915 3637 967 3690 est,
1000 3631 1121 3698 Flagitat
1135 3631 1360 3684 adversariorum

293 3827 503 3948 :pqudunnot
519 3829 660 3881 adHecat.
655 3827 756 3960 'lirim'
770 3827 892 3895 ir.agmm
907 3845 931 3894 p
943 3829 1049 3895 601b1q
1058 3829 1147 3881 Schol.
1161 3829 1250 3895 Apoll.
1257 3831 1358 3894 1t‚5r.

223 3971 256 4032 v
269 3969 294 4020 6
308 3899 364 4048 §it
371 3897 1359 4048 ¹mittit.{tentatis}..titulabittutti?

223 4033 243 4088 ci
251 4055 266 4102 ρ
274 4055 289 4103 χ
298 4054 314 4100 η
323 4054 339 4085 ν
352 4028 530 4100 ὀνομάζουσι,
548 4031 668 4100 σελήνην
682 4029 756 4086 εἶναι
770 4036 912 4097 θέλοντες
918 4039 927 4104 l

292 4105 353 4172 m)
366 4107 482 4173 Diogen
494 4108 526 4157 L.
537 4107 730 4172 Prooem.§.·
721 4108 854 4174 rbrque
847 4117 959 4175 interpr
986 4109 1028 4159 cf
1041 4109 1196 4161 Heumann.
1206 4107 1361 4160 etHarlss

223 4177 380 4228 adFabric
394 4178 425 4228 B.
439 4178 483 4227 Gr
496 4176 557 4226 Vol.
575 4179 638 4242 V.p
641 4177 782 4243 .265seq

292 4245 322 4310 †)
338 4243 392 4310 [De
409 4245 567 4308 Atlantiaco,
589 4246 705 4310 pballico
716 4247 852 4298 daemona
871 4263 957 4314 eoque
977 4247 1098 4311 furente,
1120 4249 1227 4298 Dianae
1241 4247 1363 4300 Orthiae

221 4315 427 4372 saerissddito.
440 4317 542 4366 monuit
562 4317 819 4381 quoqneGerhard:
839 4317 946 4370 (triech.
961 4318 1111 4384 Mytholog.
1131 4321 1155 4381 ξ.
1176 4317 1237 4380 332,
1251 4319 1279 4371 4.
1292 4319 1363 4371 coll.

221 4383 324 4449 §.aas
339 4387 364 4434 a
382 4387 445 4448 aas.
461 4385 522 4450 501,
535 4383 559 4436 3.
574 4387 597 4448 ρ
613 4387 672 4436 sur
696 4387 757 4454 aa]
