2986 5014
224 351 285 418 eor
643 315 913 419 excursos
936 351 952 416 1

224 537 314 582 autem
330 529 417 582 lllileti
439 527 552 582 colonos
573 529 678 598 luisse,
696 529 794 606 ¹Ionica
809 529 896 598 igitur
917 528 1006 598 stirpe
1023 525 1174 596 oriundos,
1202 545 1286 580 nemo
1311 528 1376 580 lere

225 615 323 667 nescit.
340 614 467 682 Accedit,
491 614 565 684 quod
585 615 613 666 in
629 615 739 668 decreto
755 615 856 686 βουλῇς
873 610 947 682 ἱερᾶς
966 608 996 667 ἐν
1007 608 1139 667 Ἐλευσῖνι
1165 630 1259 682 nuper
1274 631 1377 683 reper-

225 698 289 766 to*)
311 700 432 752 occurrit
453 699 583 752 sacerdos
596 693 692 768 Ἀρεως
707 692 850 753 Ἐνυαλίου
864 696 913 752 sul
924 693 1039 760 Ἐνυοῦς
1052 695 1100 752 aui
1116 693 1204 760 Διὸς
1221 697 1377 752 Pelius·

224 803 297 845 roe:
317 785 366 856 qui
379 785 506 854 luppiter
519 781 647 838 tutelaris
663 785 733 838 deus
748 785 830 838 huius
845 785 934 836 tribus
949 784 1038 836 luisse
1054 784 1176 837 videtur.

310 870 362 922 His
378 869 475 938 igitur,
491 887 562 939 qnae
577 871 756 940 protulimus,
778 887 875 922 nomen
897 870 986 938 ipsum
1008 869 1090 920 buius
1104 868 1196 920 tribus
1220 885 1283 919 cum
1300 867 1375 920 satis

225 962 313 1008 tutum
334 954 459 1024 ipsisque
480 961 603 1007 veterum
626 955 790 1008 testimoniis
810 954 940 1007 munitum
966 953 1105 1006 videatur=
1129 963 1309 1006 transeamus
1336 953 1375 1004 ad

227 1039 344 1092 nominis
382 1039 514 1108 originem
545 1045 628 1109 etque
660 1039 921 1108 significationem..
958 1037 1163 1106 Wesselingius
1195 1037 1240 1090 rel
1271 1038 1375 1107 potius

225 1123 522 1192 Hemsterhusiusll),
549 1125 583 1176 ed
605 1142 684 1194 quem
701 1125 785 1186 ¹hicce
811 1129 958 1194 provocat,
980 1141 1075 1176 nomen
1095 1117 1255 1177 Γελεόντων
1277 1123 1373 1192 repeti

226 1211 319 1262 vulta
341 1209 425 1261 verbo
453 1213 550 1279 γελεῐν,
577 1210 651 1279 quod
671 1217 743 1262 teste
758 1209 897 1276 Hesyclrio
919 1209 942 1260 l.
959 1226 1022 1278 pag.
1041 1211 1091 1261 811
1118 1207 1188 1260 idem
1210 1215 1254 1260 est
1281 1215 1372 1276 atque

225 1289 352 1364 λάμπειν,
363 1287 474 1365 ἀνθεῖν,
490 1301 623 1363 notatque
634 1295 704 1348 idem
714 1293 927 1361 Wesselingius,
940 1293 1052 1346 verbum
1064 1293 1147 1362 γελᾶν
1158 1292 1188 1349 ἰο
1198 1295 1372 1364 splendendo

226 1397 257 1432 ac
269 1381 412 1434 recidendo
422 1376 706 1446 usitatumesse***)=
720 1379 793 1430 unde
798 1378 878 1448 plura
890 1378 1069 1447 perhibentur
1081 1377 1188 1430 nomina
1200 1379 1295 1444 ducta,
1306 1395 1334 1431 r.
1344 1396 1371 1429 e.

228 1463 320 1519 Γέλων
334 1463 380 1516 ille
391 1463 590 1532 Syracusarum
604 1482 661 1530 rex,
679 1463 790 1534 ipsique
805 1461 982 1523 λιίΓελέοντες
998 1463 1149 1515 incivitate
1164 1463 1267 1529 Attica,
1284 1462 1371 1528 Teis,

228 1549 376 1618 Cyzicena,
394 1549 412 1606 i.
423 1567 447 1600 e.
463 1549 599 1618 splendidi,
616 1551 731 1602 illustres
746 1549 866 1618 indeque
881 1549 987 1614 nobiles,
1004 1549 1195 1620 optimates†),
1213 1549 1297 1601 iidem
1309 1549 1371 1600 lere

227 1635 275 1703 qui
296 1633 478 1686 Romanorum
504 1635 684 1701 Luceres††).
730 1634 827 1703 Aqua
847 1633 1018 1685 derivatione
1037 1650 1092 1684 non
1113 1633 1228 1685 multum
1248 1629 1371 1698 recedit,

228 1735 340 1771 censum
355 1717 434 1770 modo
447 1717 471 1770 si
484 1719 625 1788 respicias,
641 1719 678 1786 id,
694 1719 769 1788 quod
782 1735 871 1787 nuper
883 1717 998 1788 protulit
1016 1718 1203 1784 Haase†††),
1216 1718 1265 1789 qui
1280 1721 1371 1790 regios

227 1803 583 1872 interpretaturGeleontes
592 1805 626 1856 ob
636 1797 728 1856 'vocem
740 1799 828 1871 νέλας,
841 1819 911 1872 quae
925 1811 996 1856 teste
1003 1801 1142 1872 Stephano
1150 1802 1312 1868 Byzantina
1319 1805 1369 1870 ἢ)
1458 1853 1459 1856 ,

228 1889 301 1958 apud
315 1887 402 1941 Cares
417 1907 509 1959 regern
524 1889 646 1942 denotat.
689 1889 760 1941 Utut
774 1887 875 1939 statuis
890 1887 924 1940 de
935 1887 1012 1940 vocis
1028 1887 1150 1956 origiue,
1169 1889 1271 1943 nobiles
1286 1899 1365 1958 atque

229 1975 368 2045 optimates
383 1973 501 2042 intelligi
513 1973 672 2038 Geleontes‚
689 1974 749 2042 ipsa
764 1971 833 2025 ratio
849 1972 978 2024 evincere
991 1971 1110 2040 videtur,
1127 1974 1298 2042 praesertim
1309 1991 1362 2025 can

228 2059 257 2112 in
273 2057 444 2127 singularum
459 2059 579 2112 tribuum
594 2058 809 2124 enumeratione,
827 2074 898 2128 quae
913 2057 986 2127 apud
997 2057 1176 2124 Herodotum,
1193 2057 1366 2130 Euripiden,

229 2143 367 2197 Pollucem
382 2144 422 2211 fit,
437 2143 551 2213 primum
566 2144 653 2198 locum
669 2143 811 2196 obtineant
825 2138 854 2194 oi
867 2140 1019 2213 Γελέοντες,
1038 2158 1152 2212 quorum
1169 2161 1270 2196 nomen
1291 2145 1338 2214 qui
1353 2161 1370 2194 a
1458 2197 1459 2202 ,

231 2228 346 2281 vocibus
361 2229 396 2297 γῆ
411 2236 438 2280 et
457 2227 522 2290 λε’ως
540 2229 658 2295 ducunt,
684 2227 829 2295 indigenas
844 2227 997 2294 significari
1011 2227 1063 2279 rati
1078 2225 1120 2279 vel
1143 2228 1241 2297 potius
1261 2231 1371 2301 ugr'to·

230 2313 357 2380 les*††),
368 2312 416 2382 qui
428 2322 602 2383 opponantur
613 2312 808 2382 quodammodo
820 2311 863 2378 iis,
874 2329 944 2381 quos
953 2305 1100 2381 'Etlffli‘l'b
1108 2311 1126 2364 i.
1136 2331 1161 2364 e.
1171 2313 1286 2382 opificia
1297 2325 1373 2367 trar-

230 2404 338 2464 tautes,
358 2398 450 2450 vocari
471 2415 556 2468 supra
572 2397 705 2465 vidimus,
729 2395 885 2466 neutiquam
902 2414 996 2449 verum
1019 2397 1122 2449 vidisse
1144 2397 1208 2450 mibi
1224 2399 1373 2452 ridentur.

233 2483 293 2535 Nec
310 2482 396 2550 magis
412 2499 460 2535 eos
478 2483 589 2552 probari
609 2501 693 2552 posse
710 2481 844 2550 existimo,
861 2481 908 2551 qui
925 2481 1020 2535 salsam
1036 2499 1115 2552 quam
1130 2481 1249 2536 diximus
1272 2483 1372 2536 lectio·

233 2585 293 2620 nem
302 2564 445 2629 Τελέοντος
461 2585 521 2620 cum
536 2577 698 2637 sequantur,
713 2565 849 2635 agricolas
865 2567 1047 2619 mercenarios
1063 2567 1373 2638 vectigalesqueffffl

231 2652 350 2722 intelligi
366 2652 471 2720 volunt,
487 2653 506 2706 i.
522 2671 546 2706 e.
563 2652 685 2706 homines
706 2650 835 2718 rusticos,
852 2651 954 2704 liberos
969 2652 1087 2722 quidem,
1103 2653 1152 2705 scd
1168 2653 1275 2707 tributa
1288 2671 1371 2726 prae-

303 2886 329 2954 *)
342 2888 404 2939 Vid.
423 2887 506 2936 Rosa:
526 2885 578 2934 Die
596 2885 701 2936 Demea
719 2901 744 2940 v.
763 2887 856 2938 Attice
879 2903 941 2952 pag.
954 2889 1016 2940 Vll.
1040 2890 1221 2956 Archaeolog.
1242 2893 1368 2956 Zeitung.

235 2955 311 3008 1844.
325 2973 387 3022 pag.
400 2957 460 3014 247,
475 2954 564 3018 Bergk
576 2955 721 3006 in:Jabrb.
734 2955 760 3006 d.
772 2955 904 3022 Philolog.
918 2973 943 3006 u.
957 2957 1076 3026 Peedag.
1092 2959 1151 3012 Vol.
1161 2961 1260 3014 val.
1270 2979 1298 3027 p.
1308 2961 1369 3012 llll.

233 3028 311 3077 llaec
332 3025 475 3088 inscriptio
493 3029 639 3088 antequam
656 3026 683 3074 iu
704 3025 792 3078 lucem
804 3028 937 3092 producta
951 3034 1008 3090 est,
1025 3031 1109 3080 Meier
1119 3031 1161 3081 De
1173 3033 1294 3096 gentilit.
1306 3047 1370 3096 pag.

233 3099 259 3148 4.
276 3097 316 3144 ita
331 3095 511 3154 indicaverat,
526 3097 556 3143 ut
570 3087 723 3152 Τελέοντος
736 3094 878 3162 uictiquius
896 3097 974 3147 buius
988 3100 1076 3150 tribus
1089 3117 1186 3152 nornen
1201 3117 1261 3154 esse
1275 3102 1372 3162 vellet,

233 3165 305 3230 quod
321 3161 435 3214 Athenis
445 3161 508 3213 olim
522 3163 549 3212 in
561 3178 613 3214 usu
623 3165 793 3217 cumluisset
804 3171 901 3218 etcum
913 3168 1105 3232 antiquissime
1117 3171 1373 3239 religioneagraria

234 3233 410 3296 cohaesisset,
423 3233 450 3283 in
464 3233 566 3284 Ionicis
579 3232 694 3285 coloniis
706 3235 841 3300 paulatim
853 3238 881 3286 in
896 3230 1051 3297 Γελέοντας
1064 3241 1172 3291 abierit.

303 3301 346 3368 **)
359 3302 631 3369 Schweighaeusarus
653 3305 735 3356 addit
744 3307 890 3372 Lennepii,
907 3309 953 3372 qui
972 3323 987 3357 o
1004 3310 1098 3362 schola
1120 3309 1373 3362 Hernsterhusisna

235 3379 277 3425 est
295 3389 463 3439 progressus,
477 3373 631 3439 Etymolog.
644 3376 725 3440 Ling.
738 3376 834 3428 Graec.
852 3377 874 3426 I.
890 3392 952 3441 pag.
968 3378 1028 3430 210.

302 3441 363 3506 ***)
380 3443 441 3494 Vid.
454 3443 581 3495 Eustatlr.
598 3445 632 3494 ad
647 3445 755 3496 Homer.
771 3461 833 3510 pag.
851 3445 1155 3510 159,2ostve120,31.
1235 3455 1237 3458 ’

303 3513 332 3578 †)
346 3515 467 3564 Probent
486 3514 613 3565 Creuzer.
630 3515 748 3580 Symbol.
768 3515 822 3566 111.
838 3530 901 3581 pag.
914 3515 948 3567 53
966 3515 1008 3568 ed.
1027 3535 1098 3582 sec,
1113 3517 1202 3584 Bergk
1215 3515 1235 3567 1.
1252 3533 1333 3582 snpra
1347 3515 1366 3566 l.

233 3583 350 3650 aliique,
363 3599 431 3649 quos
443 3584 546 3634 excitat
557 3585 587 3634 C.
600 3585 645 3634 Fr.
654 3585 806 3635 Hermann:
827 3584 935 3638 Griech.
948 3586 1154 3641 Staatsaltertb.
1172 3591 1198 3651 ξ.
1213 3587 1258 3638 94.
1271 3595 1326 3637 not.
1338 3586 1367 3639 ὓ.

233 3655 410 3716 Schoemenn,
424 3653 508 3717 quiin
522 3653 590 3704 libro
598 3655 630 3705 de
642 3654 767 3704 Comitiis
779 3670 841 3720 pag.
854 3654 905 3706 356
917 3655 988 3706 idem
1001 3659 1176 3724 probaverat,
1188 3665 1287 3724 postea
1297 3657 1369 3709 reie-

233 3726 285 3786 cit;
300 3723 356 3776 vid.
371 3723 517 3788 Antiquitt.
531 3725 582 3774 iur.
598 3723 698 3788 public.
713 3725 826 3775 Graeco.
842 3739 904 3791 pag·
920 3725 978 3780 loo.

303 3791 353 3858 ††)
366 3792 428 3844 vid.
441 3791 540 3856 Bergk.
554 3792 570 3841 l.
584 3793 603 3842 l.

303 3863 372 3927 †††)
387 3861 404 3914 l.
417 3877 501 3926 supra
514 3861 531 3912 l.
550 3879 612 3928 pag.
626 3861 667 3914 78.

303 3933 352 3998 *ἢ
364 3948 387 3982 s.
399 3948 425 3985 v.
443 3923 617 3995 Σουοὶγγελα,
638 3933 685 3982 ubi
696 3931 764 3983 baec
781 3931 881 3998 legitur
895 3932 1003 4000 glossa:
1027 3933 1145 3986 καλοῦσι
1159 3929 1214 4001 γάρ
1227 3929 1258 3987 oi
1274 3935 1369 3998 Κᾶρες

235 4001 325 4052 corius
342 3995 392 4052 τὸν
406 3996 512 4064 τάφον,
526 3993 630 4064 γέλου
643 3995 674 4052 δὲ
690 3997 752 4052 τὸν
769 3996 927 4066 βασιλέα,

302 4071 369 4136 *††)
385 4073 429 4122 Ita
441 4071 470 4121 C.
484 4071 529 4119 Fr.
541 4071 691 4126 Hermann.
704 4072 721 4122 l.
741 4071 756 4121 l.
772 4073 848 4123 Conl.
868 4074 950 4124 etism
960 4075 1059 4126 Meiere
1079 4075 1120 4126 De
1131 4075 1250 4141 gentilit.
1265 4091 1329 4142 pag.
1342 4075 1371 4126 b.

233 4145 261 4191 et
271 4157 341 4206 qnae
353 4141 409 4190 alia
423 4138 536 4205 protulit
550 4141 582 4194 ld.
595 4141 630 4190 Η.
644 4141 677 4190 0.
693 4141 805 4193 Mueller
819 4141 837 4196 l.
852 4141 869 4196 l.
881 4144 984 4209 pag.81
998 4160 1067 4211 seq,
1080 4142 1126 4211 q'ui
1138 4161 1234 4198 vocem
1249 4149 1339 4211 ipsam
1356 4160 1373 4196 s

233 4207 269 4273 νὴ
284 4215 312 4261 et
324 4206 385 4271 λέω,
399 4211 427 4259 in
439 4225 493 4275 qua
502 4209 593 4261 radice
606 4209 731 4276 volendi,
744 4213 883 4276 sumendi,
896 4213 1022 4279 capiendi
1036 4217 1175 4266 notionem
1196 4216 1287 4266 inesse
1301 4215 1372 4280 ruit,

234 4282 412 4344 compositam
427 4294 487 4330 esse
500 4280 606 4332 statuit.

303 4349 389 4413 *†††)
400 4349 446 4400 Sic
458 4350 577 4402 Boeclrb.
590 4351 607 4401 l.
624 4365 708 4415 supra
720 4349 738 4400 l.
753 4365 780 4416 p.
795 4352 827 4401 54
841 4350 1145 4406 etStsstsbaushslt.d.
1160 4353 1259 4406 Athen.
1273 4356 1296 4406 l.
1305 4371 1372 4424 pag.

233 4417 284 4471 utu
296 4417 338 4470 ed.
354 4433 408 4472 sec.
422 4418 491 4472 add.
505 4420 534 4472 C.
549 4421 593 4474 Fr.
607 4421 756 4472 Hermann.
768 4421 786 4473 l.
800 4421 816 4471 l.
833 4428 891 4472 not.
902 4423 928 4474 8.
