3002 4972
198 348 259 410 ιιι
629 342 897 425 ΗΕειοοοίι

197 518 289 614 αὐτῷ
308 517 508 601 ἀποστάσιος
522 520 608 606 πέρι.
643 515 661 590 ὸ
675 519 713 590 δέ
723 515 906 607 Ἕρμιππος
920 515 1002 603 πρὸς
1018 513 1096 597 τοδς
1109 516 1171 604 μέν
1185 512 1334 607 ἀπεπέμ-

197 637 290 715 φθη,
311 620 352 694 οὐ
367 629 472 708 διδοῖ,
497 626 612 712 φέρων
627 623 665 694 δέ
684 627 863 711 ἐνεχείρισε
877 619 917 692 τὸ
930 628 1046 709 βιβλία
1062 617 1288 709 Ἀρταφέρνελ
1318 618 1337 691 ὁ

199 729 236 800 δέ
256 725 379 818 μαθιὸν
398 723 488 797 ἀπαν
510 725 547 796 τὸ
565 727 744 817 γινόμενον
765 729 898 797 ἐκέλευε
919 724 979 795 τὸν
994 721 1184 814 Ἕρμιππον
1210 723 1250 794 τὸ
1273 725 1336 813 μὲν

199 830 289 920 παρὰ
316 836 376 901 τοῦ
397 827 553 902 Ἱστιαίου
574 838 694 902 δοῦναι
715 832 861 918 φέροντα
889 837 978 899 τοῖσί
997 857 1060 918 περ
1085 835 1202 916 ἔφερε,
1234 826 1275 898 τὸ
1298 829 1337 902 δέ

200 934 359 1026 ἀμοιβαῖα
373 933 413 1004 τὸ
427 934 516 1022 παρὸ
527 942 595 1005 τιδν
609 938 771 1022 Περσέων
784 933 1055 1022 ἀντιπεμπόμενα
1065 928 1206 1025 Ἱστιαίῳ
1222 934 1337 1026 ἑωυτῷ

201 1045 330 1110 δοῦναι.
367 1037 496 1108 τούτων
523 1038 559 1107 δὲ
582 1041 775 1127 γενομένων
802 1043 961 1125 φανερῶν
985 1035 1159 1106 ἀπέκτεινε
1185 1039 1336 1105 ἐνθαῦτα

203 1141 347 1222 πολλοὸς
360 1145 521 1229 Περσέων
534 1138 551 1210 ὸ
568 1140 803 1231 Ἀρταφέρνης.
838 1143 914 1227 περὶ
928 1141 1056 1228 Σάρδις
1069 1139 1132 1228 μὲν
1153 1137 1195 1228 δὴ
1210 1142 1337 1226 ἐγίνετο

175 1246 336 1334 5ταραχή.
372 1242 524 1315 Ἱστιαῖον
551 1247 587 1315 δέ
614 1246 736 1333 ταύτης
764 1243 1001 1332 ἀποσφαλέντα
1027 1250 1085 1332 τῆς
1108 1245 1242 1322 ἐλπίδος
1261 1251 1337 1312 Χῖοι

202 1356 349 1438 κατῆγον
369 1353 402 1429 ἐς
417 1357 588 1436 Μίλητον,
610 1347 714 1418 αὐτοῦ
732 1344 887 1418 Ἱστιαίου
903 1350 1092 1436 δεηθέντος.
1128 1351 1162 1416 οί
1173 1347 1210 1416 δὲ
1223 1344 1336 1433 Μιλή-

201 1475 285 1537 σιοι,
307 1451 444 1540 ἀσμενοι
459 1451 730 1539 ἀπαλλαχθέντες
743 1453 799 1520 καλ
812 1448 1070 1538 Ἀρισταγόρεω,
1085 1447 1241 1537 οὐδαμῶς
1255 1449 1336 1535 πρὸ·

201 1567 307 1643 θυμοι
333 1548 419 1642 ἦσαν
440 1551 542 1623 ἀλλον
562 1554 731 1643 τύραννον
754 1558 914 1624 δέκεσθαι
941 1559 973 1636 ἐς
992 1554 1054 1644 τὴν
1073 1552 1202 1641 χοίρην,
1228 1548 1281 1622 οἷά
1303 1579 1338 1621 τε

202 1663 400 1744 ἐλευθερίης
420 1657 629 1744 μευσάμενοι.
658 1661 713 1728 καλ
736 1657 793 1748 δὴ,
814 1657 934 1738 νυκτὸς
955 1655 1019 1746 γὰρ
1034 1657 1151 1745 ἐούσης
1165 1662 1222 1745 βίη
1247 1660 1336 1726 ἐπει-

203 1769 283 1850 ρᾶτο
297 1759 422 1830 κατιιὸν
438 1757 612 1841 ὸἹστιαῑος
626 1765 658 1841 ἐς
673 1761 735 1850 τὴν
745 1769 915 1850 Μίλητον,
930 1761 1145 1848 τιτρώσκεται
1159 1758 1218 1828 τὸν
1231 1755 1339 1848 μηρὸν

201 1861 268 1936 ὑπὸ
288 1892 347 1934 τευ
371 1869 439 1932 τοῖν
458 1870 648 1952 Μιλησίων.
688 1863 723 1932 Ὁ
744 1867 806 1954 μὲν
831 1863 871 1952 δὴ
893 1861 936 1944 τὸς
962 1862 1113 1943 ἀπωστὸς
1133 1868 1189 1951 τῆς
1211 1865 1338 1932 ἑωυτοῦ

203 1976 349 2056 γίνεται,
369 1964 561 2036 ἀπικνέεται
582 1941 688 2035 ἀπίδω
703 1970 736 2047 ἐς
757 1968 818 2057 τὴν
833 1975 931 2037 Χίον·
965 1973 1129 2038 ἐνθεῦτεν
1144 1967 1198 2049 δέ,
1219 1964 1260 2034 οὐ
1274 1965 1338 2052 γάρ

203 2079 320 2142 ἔπειθε
334 2069 411 2150 τούς
426 2077 528 2148 Χίους
549 2067 631 2139 ὥστε
649 2072 761 2159 ἑωυτῷ
776 2077 895 2140 δοῦναι
909 2073 1004 2152 νέας,
1024 2073 1119 2158 διέβη
1135 2074 1167 2149 ἐς
1182 2069 1336 2157 Μυτιλή-

202 2204 267 2264 νην
288 2177 343 2244 καλ
363 2181 475 2243 ἔπεισε
490 2181 654 2260 Λεσβίους
679 2179 802 2242 δοῦναί
819 2180 853 2244 οί
870 2177 957 2254 νέας.
995 2181 1030 2244 ολ
1046 2175 1083 2244 δέ
1104 2172 1338 2262 πληρώσαντες

202 2277 288 2348 ὸκτοὸ
311 2277 465 2366 τριήρεας
480 2285 600 2346 ἔπλεον
615 2273 681 2365 ἅμα
697 2273 838 2370 Ἱστιαίῳ
859 2280 892 2356 ἐς
906 2278 1105 2361 Βυζάντιον·
1131 2280 1280 2346 ἐνθαῦτα
1296 2277 1331 2345 δὲ
1339 2283 1388 2334 441

203 2381 346 2469 ίζὸμενοι
364 2379 422 2462 τάς
437 2385 473 2450 ἐκ
494 2389 554 2450 τοῦ
569 2382 702 2450 Πόντου
722 2380 936 2460 ἐκπλωούσας
949 2388 1017 2452 τῶν
1033 2387 1122 2451 νεοῐν
1141 2380 1339 2467 ἐλάμβανον,

205 2485 292 2574 πλὴν
305 2481 325 2572 ἢ
343 2483 414 2554 ὅσοι
429 2482 541 2554 αὐτῶν
551 2480 692 2576 Ἱστιαίῳ
707 2491 837 2570 ἔφασαν
856 2485 979 2572 ἑτοῖμοι
1000 2484 1086 2554 εἶναι
1101 2491 1287 2553 πείσεσθαι.

177 2585 196 2648 6
276 2585 426 2668 Ἱστιαῖος
447 2592 508 2674 μέν
524 2616 589 2657 νυν
611 2589 666 2656 καὶ
682 2596 908 2676 Μυτιληναῖοι
926 2591 1061 2657 ἐποίευν
1081 2593 1194 2656 ταῦτα.
1234 2587 1340 2655 ἐπλδέ

206 2699 362 2779 Μίλητον
375 2689 481 2778 αὐτην
501 2688 658 2769 ναυτικὸς
672 2691 793 2771 πολλὸς
814 2693 869 2759 καὶ
884 2690 977 2775 πεζὸς
991 2684 1033 2780 ἦν
1047 2689 1183 2778 στρατὸς
1197 2689 1340 2776 προσδό-

206 2821 310 2881 κιμος.
349 2796 598 2880 συστραφέντες
619 2790 683 2880 νάρ
706 2799 740 2864 οί
757 2797 935 2883 στρατηγοί
954 2801 1022 2865 τῶν
1043 2797 1202 2882 Περσέων
1226 2795 1280 2864 καὶ
1305 2799 1342 2863 ἓν

205 3023 251 3058 rss
263 3007 298 3058 sd
312 3023 375 3068 eos,
396 3007 431 3056 εδ
444 3021 512 3071 quos
528 3007 649 3072 scriptae
662 3012 749 3070 erant,
836 2999 875 3065 ὡς
889 2999 1021 3064 ἀπωστὸς
1039 3005 1088 3072 τῆς
1106 2999 1213 3058 ἑαυτοῦ
1224 3007 1341 3073 γίνεται]

206 3077 305 3128 deferri
321 3078 438 3142 indeque
452 3076 487 3126 sb
500 3075 595 3126 iisdsm
608 3093 676 3141 quae
689 3078 750 3128 red·
800 3079 818 3128 i.
841 3081 993 3130 s.'reieetus
1015 3095 1032 3126 ιι
1055 3095 1101 3129 ινα
1117 3082 1218 3141 φοινία,
1244 3081 1339 3140 pulsus.

207 3148 349 3208 durentur,
365 3147 400 3196 sd
414 3162 443 3196 ss
456 3146 555 3196 deferri
570 3148 667 3208 iussit
680 3149 749 3198 adeo
801 3148 843 3198 Ad
855 3149 1021 3198 locutionem
1035 3148 1196 3212 Wesseling
1214 3149 1283 3197 citat
1295 3149 1342 3198 So

206 3228 237 3268 ut
248 3231 351 3268 omnem
364 3222 492 3282 argueret
502 3216 750 3283 irsudsmsernqus
801 3217 891 3280 phoci.
905 3219 983 3268 Αἰοο.
999 3218 1077 3268 7044.
1092 3217 1189 3282 Oedip.
1205 3219 1270 3281 Tyr.
1282 3217 1342 3268 549.

208 3303 312 3338 mnsm
326 3288 504 3368 patefaceret
540 3289 583 3338 De
599 3293 749 3368 temporum
801 3287 938 3338 sancrosti
964 3287 1033 3338 iiber
1059 3288 1343 3352 praepositionem
1314 3277 1343 3335 ἐκ

208 3358 354 3408 rationein
366 3359 458 3408 νειοῖο
471 3372 505 3406 ου
497 3348 643 3406 ’διδοί-
609 3351 750 3417 -φέρων
801 3363 865 3408 ante
878 3355 928 3422 τῆς
940 3358 1031 3418 insert,
1047 3357 1119 3420 quod
1130 3357 1250 3420 μιιιεΙοτι
1260 3358 1345 3406 Bern-

206 3417 455 3488 δὲένεχείριοε
471 3428 586 3478 vidimus
601 3427 690 3490 st
706 3429 748 3478 55.
801 3427 901 3491 hardy·
921 3427 1028 3476 Griech.
1044 3426 1122 3491 Syni..
1144 3443 1170 3508 p.
1187 3427 1294 3476 725.-
1312 3425 1345 3476 In

205 3497 271 3546 Mox
292 3495 354 3546 dedi
377 3489 486 3545 τούτων
507 3513 554 3561 pro
579 3491 701 3546 τουτέων
723 3501 750 3546 st
801 3513 876 3562 seqq.
900 3499 1000 3547 Noster
1020 3497 1131 3578 scripsit
1155 3491 1253 3544 ειιειθε
1277 3486 1344 3552 τοὸς

207 3556 329 3628 ἐγίνετο,
355 3567 425 3629 quod
439 3566 561 3631 plerique
579 3567 639 3617 libri
653 3568 750 3633 scripti
801 3566 891 3622 Χιονς
915 3557 1001 3614 ὥστε
1024 3555 1113 3630 εοιντῷ
1139 3562 1243 3614 δοῦναι
1268 3562 1343 3622 νέας

206 3627 747 3700 afferunt.011mvulgatamiyesewre
802 3636 934 3699 quiidem
947 3651 1017 3697 mox,
1032 3626 1341 3686 οοιλεοιῖνοοολδοιοτει

207 3709 290 3756 nenti.
306 3704 365 3754 edd.
381 3711 553 3756 revocarunt.
800 3699 893 3756 ἔπεισε
919 3673 1056 3770 Λεοβίὸνς
1082 3703 1188 3754 δονναί
1210 3697 1240 3753 oi
1262 3696 1343 3764 νέας;

800 3775 853 3825 vid
868 3775 994 3825 Kuehner
1009 3775 1055 3828 Gr.
1070 3775 1116 3825 Gr.
1128 3779 1152 3838 5.
1167 3775 1229 3826 637.
1244 3777 1301 3823 noi.
1316 3777 1341 3822 4.

417 3875 482 3927 OM,
503 3877 536 3926 v
798 3845 864 3895 Psri
890 3846 969 3896 modo
995 3832 1063 3894 τάοτε
1092 3846 1210 3926 positum
1237 3841 1343 3894 invenis

799 3915 867 3972 VII,
884 3915 955 3966 5—
971 3915 1004 3964 In
1019 3915 1072 3965 fine
1089 3930 1150 3980 esp
1170 3928 1266 3962 οντων
1282 3912 1343 3964 δεδι

240 3975 375 4043 κατῆγον]
394 3979 515 4029 liscum
531 3979 617 4031 Gaisi.
634 3986 662 4030 st
678 3996 746 4030 τοοο.
801 4000 850 4049 pro
868 3977 985 4034 αὐτέων.

210 4049 269 4100 edd.
279 4049 360 4099 edidi
376 4049 549 4108 Schseserus
562 4050 750 4114 qusmMstih.

208 4120 345 4198 sequitur,
368 4119 507 4170 eduobus
527 4119 606 4169 codd.
630 4119 752 4169 ediderat

208 4183 376 4253 κατήγαγον.
401 4189 476 4239 Idem
490 4193 518 4238 ei
530 4189 581 4239 hoe
596 4204 655 4268 cap.
667 4194 694 4238 st
711 4205 751 4238 se-

208 4260 301 4316 quenti
319 4247 465 4309 exhibui
427 4271 517 4337 ηοαν
537 4274 586 4324 pio
605 4251 681 4312 ἔσαν,
710 4259 751 4310 Ad
837 4277 920 4323 ην-
884 4251 1273 4340 -προοδόκιμος](λοιιί.,7
1286 4257 1344 4308 108.

206 4316 539 4386 ἐπειρατοκατιωνοοοί.
554 4330 608 4391 vl,
629 4330 698 4393 51,
718 4330 750 4379 77
802 4329 843 4380 λδ
867 4329 977 4380 verbum
1003 4325 1209 4391 συστραφέντες
1234 4295 1344 4393 (ιὸιφίο-

206 4392 298 4457 ibique
313 4401 381 4447 nott.
803 4399 867 4464 ίιοιί,
892 4399 1027 4464 coniuncti)
1051 4399 1122 4450 coni.
1145 4399 1200 4460 IX,
1222 4397 1266 4457 18,
1296 4397 1345 4448 ubi

1005 4157 1069 4206 (λιν.
1093 4159 1140 4208 vl.
