3010 4966
201 331 259 397 118

627 323 892 424 HERQDO'H

198 509 447 596 tenuissemus,
475 499 667 584 τῶν’Ίωνος
689 505 834 591 παίδων,
858 501 1036 582 Γελέοντος
1059 499 1115 570 καὶ
1134 493 1331 589 Αἰγικόρεος

200 713 309 765 Atticae
346 708 469 762 civitatis
501 705 631 769 tribubus,
670 721 741 771 quse

200 783 319 835 omnium
348 781 460 832 lonicae
495 777 588 843 stirpis
622 777 741 843 gentium

201 866 356 905 communes
382 865 414 900 ac
442 848 569 915 propriae
594 845 680 898 inisse
700 848 741 898 vi·

202 923 299 974 dentur
324 919 391 985 (vid.
414 918 516 972 Herod.
536 919 573 980 V,
596 915 630 967 69
650 917 742 981 ibique

202 989 284 1056 nott.)
307 1004 458 1054 nomenque
480 1003 557 1038 suurn
575 987 689 1038 Athenis
707 985 741 1035 ab

203 1062 276 1114 Ionis
291 1059 353 1110 filiis
367 1059 506 1124 accepisse
524 1058 665 1116 dicuntur,
685 1055 740 1106 vid.

203 1147 273 1199 quae
291 1145 306 1180 e
323 1131 442 1180 virorum
462 1128 602 1179 doctorum
617 1125 744 1191 disquisi-

203 1200 325 1252 tionibus
336 1199 452 1251 collecta
468 1197 580 1263 praebet
590 1196 620 1247 C.
632 1197 662 1246 F.
674 1196 744 1246 Her·

204 1286 298 1323 mann:
318 1268 427 1320 Criech.
444 1264 744 1328 Stratonicenses.

203 1341 314 1392 Etenim
341 1338 579 1404 antiquissimam,
614 1338 745 1400 quantum

204 1415 277 1462 certe
289 1409 428 1469 novimus,
446 1408 555 1457 Atticae
569 1405 691 1455 civitatis
707 1405 746 1453 di-

204 1480 337 1530 visionem
347 1477 397 1528 hae
408 1480 537 1542 quattuor
547 1475 635 1524 tribus
646 1474 746 1524 eonsti—

206 1553 302 1612 tuunt,
318 1545 468 1597 naturalem
482 1561 515 1596 ec
526 1545 691 1608 primitivam
706 1543 746 1592 di·

205 1619 297 1678 xeris,
324 1631 394 1680 quae
411 1615 489 1666 varia
510 1615 583 1664 vitae
602 1628 702 1678 genera
719 1616 746 1662 et

207 1687 404 1749 occupationes
418 1684 621 1750 complectitur,
644 1685 672 1732 in
687 1683 746 1748 qui-

206 1757 257 1808 bus
274 1755 344 1805 iilius
363 1754 519 1820 plerumque
535 1758 638 1818 patrem
656 1752 746 1817 sequi·

206 1831 267 1888 tur,
289 1840 375 1888 neque
394 1839 458 1875 roro
472 1841 504 1875 ea
523 1823 583 1888 lege
596 1824 745 1873 adstrictus

208 1901 265 1957 eet,
286 1909 365 1959 quam
379 1895 407 1944 in
420 1895 613 1960 Aegyptiorum
626 1898 654 1942 et
667 1892 745 1942 lndo-

206 1981 265 2015 rum
275 1964 374 2028 castis,
391 1979 459 2028 quas
472 1968 586 2026 vocant,
599 1961 690 2013 valere
701 1978 748 2013 no-

207 2035 310 2094 vimus,
323 2038 354 2084 ut
364 2033 450 2098 patris
461 2033 598 2098 negotium
609 2047 641 2082 ae
652 2047 749 2082 munus

207 2105 363 2154 necessario
375 2103 456 2153 lilium
468 2105 543 2168 sequi
557 2107 691 2168 oporteat,
700 2101 748 2154 sed

206 2173 292 2224 libere
303 2171 403 2236 eligere
414 2173 499 2223 eidem
510 2171 591 2222 liceat
601 2172 673 2222 aliud
684 2188 749 2237 quo·

209 2258 274 2307 qne,
295 2257 456 2308 quamquam
472 2242 500 2291 id
513 2243 602 2292 rarius
615 2248 688 2292 certe
703 2259 749 2307 per

207 2312 255 2363 illu
271 2319 394 2376 tempora
411 2312 513 2363 iactum
528 2329 588 2363 esse
611 2313 748 2362 existima-

208 2398 283 2442 mus,
307 2382 405 2447 quibus
421 2398 454 2432 ex
472 2383 669 2433 consuetudine
684 2397 749 2446 qus-

208 2452 270 2503 dam
284 2453 380 2502 innata
389 2450 474 2502 filium
489 2453 576 2517 patris
586 2452 696 2518 negotia
705 2465 749 2500 ca-

209 2539 318 2588 pessere
331 2527 542 2572 consentaneum
555 2528 622 2574 erat.
651 2520 748 2585 Itaque

208 2609 300 2644 omnes
310 2593 417 2641 Atticos
426 2591 548 2640 homines
557 2607 604 2655 per
617 2595 748 2654 quattuor

207 2662 289 2712 hasce
305 2661 392 2709 tribus
414 2659 559 2710 secundum
576 2660 649 2708 vitae
663 2673 747 2722 genus

208 2733 236 2778 et
248 2745 295 2792 pro
306 2728 473 2792 negotiorum
485 2729 644 2778 diversitate
658 2728 748 2778 distri-

207 2798 288 2845 butos
309 2797 393 2845 tuisse
410 2797 553 2846 eredimus.
588 2797 629 2846 De
650 2797 747 2861 quibus

208 2863 320 2928 singulis
331 2877 415 2927 aeque
430 2880 462 2915 ao
475 2865 507 2915 de
522 2865 689 2929 singularum
702 2866 748 2916 tri·

208 2933 290 2983 buum
309 2933 427 2996 negotiis
445 2934 473 2983 in
493 2935 615 2984 Excursu
639 2935 674 2985 ad
687 2935 713 2985 h.
727 2933 746 2985 l.

208 3003 414 3066 disputavimus,
426 3018 476 3053 nec
489 3003 566 3067 plura
582 3005 695 3056 adhunc
708 3005 748 3055 lo·

208 3087 268 3123 eum
279 3071 447 3135 proferamus
457 3072 491 3122 de
497 3073 629 3136 phratriis,
641 3075 669 3124 in
680 3089 748 3137 quas

208 3141 314 3192 divisae
324 3141 425 3192 fuerint
435 3141 531 3204 tribus,
541 3141 656 3208 aliisque
666 3145 747 3194 rebus

207 3209 259 3261 huc
271 3212 459 3276 spectantibus
469 3249 475 3274 ,
490 3227 560 3276 quae
570 3212 604 3262 ad
614 3213 747 3265 Herodoti

207 3280 295 3330 locum
303 3280 492 3332 illustrandum
501 3282 588 3334 miuus
598 3285 747 3348 pertinent:

209 3365 369 3414 quaeramus
382 3353 487 3416 potius,
503 3353 566 3417 quid
578 3353 686 3404 consilii
698 3354 748 3404 ha·

207 3419 297 3470 buerit
311 3419 478 3484 Clisthenes,
501 3423 602 3488 quidve
617 3425 748 3488 spectarit

208 3489 330 3552 omniuo,
350 3505 411 3540 cum
427 3497 556 3556 quattuor
571 3494 689 3559 antiquis
701 3495 748 3543 tri·

207 3559 296 3610 bubus
307 3559 447 3610 dissolutis
459 3560 549 3612 decem
561 3579 646 3614 noras
662 3563 749 3614 tribus

208 3629 388 3680 constitueret
407 3645 508 3696 easque
527 3647 587 3681 curn
603 3632 687 3683 demis
709 3633 748 3682 ita

207 3699 398 3763 coniungeret,
430 3705 461 3750 ut
484 3699 598 3765 siugulis
623 3702 749 3752 tribubus

208 3772 309 3820 certum
332 3768 470 3819 demorum
488 3785 630 3820 numerum
647 3772 749 3823 adscri-

207 3839 298 3900 beret,
317 3837 409 3888 domos
427 3839 511 3904 igitur
524 3855 617 3890 omnes
632 3857 679 3904 per
695 3843 749 3891 sin·

208 3907 286 3974 gulas
299 3907 388 3958 tribua
400 3908 586 3960 distribueret.
616 3911 691 3960 Inter
703 3927 749 3962 ve-

207 3984 279 4028 teres
290 3977 343 4027 iam
353 3977 514 4029 Aristoteles
525 3978 649 4030 Politice.
661 3980 711 4042 ΙΙΙ,
724 3981 747 4034 l.

208 4047 247 4097 VI
254 4083 262 4110 ,
275 4049 301 4098 2.
317 4051 341 4112 ξ.
362 4047 389 4096 ll
407 4047 557 4113 (Schneid.)
574 4049 643 4099 hanc
658 4051 746 4115 reipu-

208 4116 296 4167 blicae
313 4119 507 4181 mutationem,
531 4133 601 4182 quae
620 4119 647 4168 in
663 4125 744 4172 aneto

207 4185 349 4250 phylarum
367 4187 494 4238 consistit
512 4203 638 4250 numero,
660 4190 695 4240 nd
712 4207 745 4241 ea

208 4255 306 4315 refert,
325 4257 422 4320 quibus
436 4257 591 4321 respublica
605 4261 692 4324 magis
709 4261 744 4310 ad

207 4323 337 4388 populare
351 4325 509 4377 detrudatur
521 4328 675 4392 imperium:
701 4330 746 4380 oui

208 4391 314 4443 scilieet
332 4397 493 4460 conveniat,
512 4403 543 4448 ut
557 4399 693 4464 prioribus
707 4400 746 4450 ci-

333 4612 382 4624 -

790 707 864 758 vium
884 701 1020 756 elassibus
1046 700 1144 754 solutis
1166 715 1259 753 omnes
1277 717 1332 752 om-

791 779 865 827 nium
886 773 1006 842 gentium
1022 773 1096 824 cives
1113 787 1195 838 quam
1217 774 1333 823 maxime

791 847 1006 912 permisceantur
1030 857 1081 893 nse
1106 847 1165 892 tarn
1188 846 1248 892 arto
1275 843 1333 894 vin·

792 916 854 968 culo
876 914 975 981 singuli
997 928 1058 963 cum
1079 911 1193 976 singulis
1216 913 1333 978 amplius

792 989 997 1038 connectantur.
1031 984 1100 1034 Nam
1114 982 1224 1033 videtur
1238 983 1335 1049 utique

792 1055 845 1107 hoc
862 1060 1004 1121 spectasse
1021 1051 1191 1115 Clisthenes,
1213 1056 1244 1102 ut
1261 1055 1334 1103 omui

794 1125 961 1190 reipublicae
1004 1121 1188 1186 descriptione
1226 1127 1336 1174 mutata

796 1195 969 1260 optimatium
992 1196 1076 1257 atque
1098 1191 1229 1243 nobilium
1258 1203 1336 1258 pote·

796 1270 853 1317 stas
866 1266 1038 1328 frangeretur
1048 1277 1081 1312 ac
1095 1263 1181 1326 magis
1192 1265 1336 1329 magisque

795 1336 994 1398 deminueretnr
1003 1347 1045 1393 eo,
1058 1331 1129 1396 qued
1141 1332 1188 1397 qui
1200 1347 1247 1397 per
1257 1338 1336 1398 quat·

796 1411 859 1456 tuor
879 1404 966 1454 tribus
991 1401 1055 1452 olim
1079 1401 1219 1453 distributi
1243 1407 1336 1454 essent

796 1474 914 1537 nobiles,
936 1471 1040 1522 viribus
1061 1472 1145 1536 igitur
1162 1473 1250 1538 magis
1269 1489 1335 1524 con-

796 1546 911 1606 iunctis,
927 1543 980 1592 iam
990 1557 1038 1607 per
1048 1539 1139 1591 decern
1148 1543 1237 1592 tribus
1246 1543 1336 1607 sparsi

797 1615 925 1665 minorem
944 1615 973 1662 in
990 1611 1107 1676 reliquos
1125 1612 1200 1662 cives
1220 1629 1336 1663 omnem·

796 1701 848 1750 que
866 1681 1061 1747 rempublicam
1081 1697 1207 1732 exercere
1224 1687 1336 1748 possent

795 1755 864 1816 vim,
884 1752 969 1818 plebis
987 1766 1052 1801 vero
1070 1757 1193 1815 potestus
1213 1751 1337 1818 aliquan·

795 1828 852 1873 tom
865 1825 1009 1888 augeretur
1019 1820 1062 1870 vel
1074 1822 1160 1885 magis
1171 1837 1251 1886 quam
1263 1839 1277 1874 e
1287 1822 1337 1873 So-

796 1893 867 1943 lonis
879 1893 1022 1951 instituto,
1041 1891 1088 1954 qni
1100 1898 1278 1956 temperatam
1291 1907 1337 1942 vo-

797 1963 886 2013 luerat
897 1959 1090 2024 rempublicam
1101 1966 1129 2011 et
1137 1963 1259 2022 mixtam,
1273 1979 1338 2013 eon-

798 2033 913 2084 veniret.
950 2029 1059 2080 Etenim
1080 2031 1145 2080 bina
1166 2033 1338 2098 potissimum

799 2108 878 2164 sunt,
893 2101 1001 2167 quaein
1013 2099 1065 2150 hae
1078 2105 1139 2151 tota
1151 2117 1181 2152 re
1193 2103 1339 2168 praecipue

799 2171 948 2238 spectanda
964 2169 1105 2220 sidentur:
1126 2170 1250 2234 alterum,
1265 2173 1338 2238 quod

800 2241 953 2293 Clisthenes
961 2237 1102 2305 phylarum
1111 2255 1250 2292 numerum
1260 2244 1338 2293 auxit

799 2311 1338 2384 velpotinsquattuorantiqnistribubus

799 2381 940 2434 dissolutis
952 2379 1043 2430 decem
1056 2395 1142 2430 novas
1153 2383 1274 2432 instituit
1289 2383 1338 2431 tri-

798 2452 863 2514 bus,
878 2441 1016 2514 inquibus
1031 2449 1145 2514 singulis
1161 2453 1249 2502 minor
1261 2452 1339 2502 nobi-

798 2519 864 2569 lium
882 2534 1008 2571 numerus
1023 2520 1164 2586 minorque
1176 2523 1337 2583 auctoritas,

798 2588 846 2639 sed
863 2589 950 2639 maior
959 2589 1123 2654 reliquorum
1136 2591 1236 2642 civium
1250 2590 1340 2641 multi·

798 2658 863 2707 tudo
875 2659 1014 2723 maiorque
1027 2659 1090 2710 inde
1106 2663 1245 2724 potentia,
1260 2677 1338 2726 prse-

798 2728 891 2778 sertim
908 2729 931 2777 si
944 2743 1036 2777 verum
1051 2735 1106 2785 est,
1121 2731 1192 2796 quod
1207 2732 1339 2782 Aristote-

797 2795 837 2848 les
853 2797 934 2847 Polit.
950 2797 1008 2858 ΙΙΙ,
1027 2799 1056 2856 l,
1077 2797 1108 2849 10
1126 2801 1234 2866 scribit,
1258 2803 1337 2852 testis

798 2867 866 2918 eatis
889 2866 1024 2932 locuples,
1052 2866 1217 2921 Clisthenem
1238 2871 1338 2921 multos

800 2937 948 3002 inquilinos
964 2941 992 2987 et
1005 2937 1145 2990 libertinos
1157 2941 1185 2990 in
1196 2941 1337 2992 civitatem

800 3007 864 3057 etin
874 3023 970 3067 noras,
982 3023 1049 3072 quas
1062 3009 1191 3073 institnit,
1199 3011 1286 3061 tribus
1297 3027 1337 3060 re-

799 3079 920 3140 cepisse3
940 3077 1068 3139 alterum,
1090 3081 1161 3143 quod
1176 3079 1264 3146 phylir
1281 3095 1298 3129 a
1309 3095 1338 3131 se

800 3146 938 3196 institutis
950 3145 1043 3197 demes
1057 3149 1197 3200 adiunxit:
1217 3151 1264 3215 qui
1278 3165 1338 3200 cum

797 3215 917 3265 locorum
940 3217 1072 3266 rationem
1095 3221 1176 3270 unice
1193 3235 1338 3286 sequeren-

798 3289 856 3347 tur,
879 3284 907 3333 id
924 3284 1047 3337 effectum
1063 3292 1117 3351 est,
1136 3285 1232 3355 ut'qui
1245 3291 1338 3342 eodem

798 3353 858 3405 loco
878 3353 1049 3419 habitarent,
1068 3357 1128 3408 iura
1144 3359 1254 3424 publiea
1273 3377 1338 3426 quo-

798 3439 851 3490 que
865 3425 1109 3488 communicarent,
1131 3429 1236 3480 nobiles
1252 3446 1338 3496 aeque

799 3499 882 3558 atque
894 3494 1036 3559 ignobiles,
1049 3497 1148 3549 divites
1158 3513 1244 3565 aeque
1256 3505 1338 3564 etque

799 3578 946 3628 pauperes,
967 3569 1050 3629 atque
1068 3569 1203 3619 communi
1222 3569 1338 3634 quodam

798 3633 905 3683 vinculo
924 3635 1021 3684 iuriam
1035 3637 1155 3688 civitatis
1169 3640 1339 3690 contineren-

799 3707 852 3753 tur.
877 3703 955 3765 Quod
968 3705 1108 3770 sapienter
1121 3723 1137 3756 a
1148 3707 1285 3759 Clisthene
1299 3709 1338 3758 in·

799 3773 925 3822 stitutum
950 3789 1010 3824 esse
1036 3777 1130 3841 negari
1153 3779 1200 3828 vix
1227 3779 1337 3842 poterit,

799 3857 860 3891 cum
880 3843 919 3892 ita
936 3843 1097 3896 diversitate
1112 3847 1338 3898 civinmsublata

800 3926 893 3962 omnes
919 3913 994 3964 cives
1022 3915 1118 3966 melius
1143 3918 1282 3967 coniuncti
1310 3918 1338 3967 in

800 3995 883 4030 unum
909 3983 989 4046 qussi
1019 3999 1117 4049 corpus
1145 3985 1338 4050 coalescerent,

797 4051 971 4116 omnibusque
987 4051 1155 4106 factionibus
1172 4073 1205 4107 ac
1217 4055 1338 4117 dissidiis

797 4119 905 4169 obviam
921 4121 1014 4173 iretur.
1049 4125 1175 4184 decedit,
1193 4127 1264 4192 quod
1278 4128 1339 4191 ipsa

796 4190 898 4239 civitas
912 4191 1004 4243 Attica
1022 4195 1206 4247 Pisistratidis
1223 4212 1338 4261 regnan·

796 4259 871 4309 tibus
890 4261 930 4310 ita
954 4267 1036 4316 aucta
1057 4271 1119 4316 erat
1138 4269 1166 4317 et
1190 4265 1287 4332 opibus
1311 4271 1337 4316 et

796 4343 906 4380 numero
920 4329 1072 4398 hominum,
1094 4337 1191 4400 quibus
1207 4337 1337 4400 antiquae

795 4403 925 4464 quattuor
949 4401 1046 4470 phylae
1069 4405 1194 4457 suilicere
1222 4405 1337 4472 amplius
