3010 4966
219 353 278 416 168
653 349 916 414 HERODOTI

169 541 208 603 63
219 557 269 599 ειν
283 529 341 598 τὸν
355 525 454 617 νηὸν,
474 533 606 615 Παρίου
620 523 659 595 τὰ
673 533 864 616 ἔμπροσθεν
879 521 983 594 αὐτοῦ
998 527 1201 612 ἐξεποίησαν.
1230 520 1287 605 Ὡς
1302 553 1353 594 ων

216 632 258 722 δὴ
272 639 307 703 οί
319 629 491 721 Ἀθηναῖοι
506 634 657 720 λέγουσι,
678 622 769 700 οὗτοι
791 636 825 700 οἱ
843 629 964 717 ἄνδρες
980 631 1017 698 ἐν
1031 636 1194 716 Δελφοῖσι
1208 628 1350 719 κατήμε-

214 764 268 807 νοι
288 735 472 808 ἀνέπειθον
492 733 553 824 τὴν
574 743 714 824 Πυθίην
734 733 894 824 χρήμασι,
915 730 1001 812 ὅκως
1022 739 1156 803 ἔλθοιεν
1177 741 1349 822 Σπαρτιη·

214 939 297 998 (nunc
316 941 416 988 vocent
433 935 566 1002 Kolktoff)
589 935 757 1001 praebebant
840 924 1064 998 ἇνέπειθον·τήν
1075 929 1207 998 Πυθίην]
1219 933 1350 1000 i.e.„Py-

215 1013 320 1058 montes
337 1007 451 1072 Delphis
476 1007 607 1071 proximi,
632 1007 755 1071 inprimis
806 1001 1350 1067 thiaepecuniisoblatispersaadereconu·

214 1080 378 1128 Parnassus.
404 1077 484 1127 Hunc
500 1091 580 1140 vero,
601 1091 661 1126 cum
675 1075 756 1140 poliri
806 1075 826 1122 ti
835 1082 901 1133 ενοι,
914 1081 949 1137 ut,
961 1075 1056 1138 quotics
1066 1072 1190 1136 Spartani
1202 1077 1350 1127 adveniunt

215 1151 346 1214 nequeat,
364 1162 413 1212 pro
432 1161 506 1197 more
519 1146 682 1196 Graecorum
696 1159 757 1196 cru·
805 1145 855 1192 oiri
867 1146 918 1194 aine
931 1145 1046 1206 priuatim
1059 1147 1111 1194 sice
1121 1143 1221 1208 publice
1235 1147 1305 1195 scissi
1316 1147 1353 1196 cd

215 1224 260 1268 sta
270 1216 388 1283 quadam
402 1234 423 1268 s.
434 1233 521 1282 gypso
532 1216 672 1266 inductum
684 1213 756 1265 colo·
806 1217 933 1262 oracullum
949 1213 1140 1272 sciscitandum,
1162 1213 1201 1263 bis
1220 1214 1350 1277 obiiceret,

214 1304 270 1339 rem
289 1287 351 1338 inde
370 1303 478 1352 quoque
495 1287 648 1350 accepisse,
667 1285 756 1333 album
806 1283 954 1333 νιΑιλειιοε
964 1285 1080 1347 tyrannis
1088 1282 1256 1334 liberareris*
1271 1284 1350 1345 Quod

214 1359 319 1423 opinor,
327 1357 399 1423 quod
414 1356 582 1406 contendunt
598 1353 757 1419 (v.Letron-
808 1351 961 1404 octacilius
976 1353 1066 1402 tacere
1076 1352 1285 1416 licuiththise,
1296 1368 1349 1419 quo

214 1445 260 1478 ne:
287 1429 380 1476 Lettre
402 1427 465 1476 d'uu
480 1425 639 1488 Antiquaire
655 1440 681 1489 p.
698 1424 755 1475 115.
807 1423 895 1487 magis
908 1423 1032 1472 Lacones
1050 1421 1140 1472 ubivis
1154 1427 1286 1485 tyrannos
1304 1439 1351 1473 ex·

213 1497 264 1547 468
282 1512 348 1561 seq,
366 1495 483 1560 Kngler:
502 1493 593 1543 Ueber
613 1493 658 1544 die
677 1494 755 1557 Poly·
805 1491 906 1556 pellere
917 1491 998 1556 idque
1006 1491 1103 1541 honori
1115 1492 1168 1543 sibi
1178 1491 1276 1542 ducere
1286 1509 1349 1543 con-

213 1565 331 1614 chromis
347 1565 372 1615 d.
393 1563 495 1628 griecb.
509 1563 655 1614 Architect.
677 1579 701 1628 p.
716 1562 754 1628 8),
806 1562 908 1612 stabat.
937 1561 1015 1623 Quod
1029 1577 1091 1612 vero
1108 1563 1170 1613 inde
1183 1561 1350 1612 concludunt

214 1633 242 1683 id
261 1639 292 1682 ut
313 1632 435 1696 credam,
455 1631 555 1682 adduci
579 1648 697 1698 nequeo:
717 1637 756 1683 et·
806 1630 840 1681 de
853 1630 1027 1694 corruptions
1038 1631 1155 1695 Pythiae
1173 1637 1200 1680 et
1219 1631 1348 1682 sacerdo·

214 1704 284 1754 enim
294 1701 449 1753 Herodotus
463 1717 532 1767 quae
545 1701 578 1752 de
588 1708 702 1766 utroque
717 1702 755 1751 la·
806 1704 862 1750 tum
875 1698 1081 1764 Delphicornm,
1101 1701 1129 1750 id
1148 1702 1227 1751 iustis
1248 1700 1348 1752 finibus

213 1772 290 1838 pide,
303 1772 335 1822 de
349 1770 441 1835 lepide
455 1787 522 1836 poro
535 1776 562 1822 et
575 1772 607 1822 de
622 1787 754 1822 marmore
805 1769 983 1820 codrceudum
1009 1784 1068 1820 esse
1088 1773 1162 1821 recte
1180 1775 1271 1822 monet
1289 1771 1346 1822 Jul.

212 1843 305 1902 Pario,
318 1841 411 1905 tradit,
426 1841 466 1890 sic
479 1847 596 1905 enarrat,
609 1846 639 1891 ut
653 1847 755 1892 utrum·
806 1841 912 1904 Kayser
921 1838 1034 1904 (Delphi
1046 1855 1072 1904 p.
1083 1839 1154 1905 rus),
1167 1840 1201 1889 ad
1214 1856 1273 1891 eam
1282 1842 1346 1904 vim,

213 1927 266 1977 que
283 1910 401 1976 lapidem
417 1910 567 1961 naturalem
583 1911 699 1962 colorem
714 1927 755 1962 rs·
807 1925 887 1975 quem
909 1913 1005 1974 sponte
1029 1911 1199 1959 exercuerint
1218 1912 1347 1961 civitates

212 1981 329 2032 tinuisse
344 1979 421 2045 longe
436 1980 604 2045 probabilius
617 1983 663 2044 sit,
678 1997 754 2046 prae·
806 1979 1059 2044 potentiores,talia
1072 1979 1226 2030 revocanda
1236 1995 1346 2031 essera-

213 2051 305 2101 sartim
318 2050 340 2099 si
354 2055 473 2114 reputes,
487 2055 543 2098 tum
556 2050 702 2101 discrimen
712 2050 755 2101 vel

213 2120 299 2185 magis
310 2120 470 2184 apparuisse
486 2120 557 2170 inter
569 2121 687 2184 lapidem
698 2121 754 2170 vul-

212 2205 304 2256 garem
313 2187 442 2255 (porum),
452 2205 484 2240 ox
495 2205 548 2254 quo
561 2190 666 2257 reliqua
679 2192 754 2240 aedis

212 2275 277 2324 pars
289 2263 430 2310 exstructa
441 2263 509 2321 erat,
520 2265 547 2308 et
557 2261 628 2312 inter
639 2276 755 2311 marmor

212 2329 322 2379 Parium
334 2328 475 2380 adfaciem
488 2329 583 2394 templi
592 2331 754 2394 adhibitum,

213 2413 284 2464 qnae
303 2399 337 2448 ob
357 2399 498 2449 marmoris
524 2398 640 2452 colorem
662 2401 753 2450 album

211 2468 345 2534 insignem
364 2469 522 2534 adspectum
540 2470 681 2534 praeberet
697 2470 754 2519 lon·

806 2053 864 2098 tus:
885 2047 1116 2114 „Beatecbnugeu
1135 2047 1207 2114 (nem
1225 2055 1347 2116 praestat

808 2119 888 2183 „ipsa
906 2120 990 2169 verba
1011 2118 1159 2184 apponere)
1182 2121 1232 2169 wie
1255 2119 1297 2170 die
1318 2125 1347 2170 in

806 2189 914 2254 „Frage
928 2189 1076 2239 stehendcu
1090 2204 1180 2238 waren
1197 2188 1285 2239 nichts
1298 2205 1348 2242 an·

806 2259 917 2320 ‚,deres‚
931 2257 972 2307 als
986 2259 1029 2308 dic
1043 2259 1267 2309 unabweisbaren
1281 2261 1346 2309 Eiu-

807 2329 907 2390 „fliisse
922 2327 969 2376 der
979 2328 1244 2392 priiponderirenden
1253 2329 1347 2396 politi-

806 2396 907 2461 „sclreu
925 2396 1047 2459 Miichte,
1070 2397 1151 2447 deren
1170 2399 1346 2450 schwebende

806 2467 933 2530 „Fragen
953 2466 1024 2516 auch
1050 2466 1118 2516 obne
1139 2467 1261 2532 Delphi’s
1284 2470 1346 2520 Bei-

806 2535 887 2596 „reth
906 2535 956 2584 ani
972 2535 1017 2586 die
1034 2535 1167 2587 nsmlicbe
1186 2539 1278 2589 Weiss
1299 2555 1346 2604 ge-

806 2602 879 2667 „liist
892 2604 1001 2655 worden
1012 2607 1071 2656 sein
1086 2607 1225 2657 wiirden.“
1254 2608 1295 2658 Ad
1309 2609 1346 2658 si-

804 2673 1006 2738 gnificationem
1023 2674 1098 2724 verbi
1118 2671 1287 2740 χρησόμενοι
1307 2678 1345 2730 cs.

804 2758 874 2806 qnse
893 2743 927 2791 ad
947 2743 1000 2807 IV,
1024 2745 1072 2794 156
1091 2751 1155 2795 suut
1173 2751 1282 2808 notats;
1310 2749 1345 2798 de

803 2812 947 2875 Spartanis
960 2813 988 2862 in
1004 2829 1173 2880 quacumque
1186 2831 1214 2865 re
1226 2818 1283 2867 sive
1297 2833 1345 2882 pu·

802 2881 874 2932 blica
889 2882 946 2933 sive
959 2884 1069 2946 privata
1082 2885 1219 2948 oraculum
1232 2885 1344 2950 Delphi·

802 2967 862 3002 curn
881 2952 1085 3004 consulentibus
1110 2959 1192 3020 atque
1212 2955 1343 3006 debuine

314 3067 325 3092 ,
800 3023 888 3086 ipsius
910 3022 1012 3072 oraculi
1031 3025 1058 3071 vi
1074 3023 1102 3072 in
1122 3039 1213 3075 omnes
1230 3026 1343 3089 Sparia-

238 3071 287 3137 Ὡς
302 3095 343 3130 ων
363 3075 400 3149 δὴ
421 3078 450 3133 οί
461 3075 607 3150 Ἀθηναῖοι
626 3079 748 3152 λέγουσι]
801 3107 896 3141 norum
915 3107 958 3141 res
973 3091 1027 3141 vid.
1043 3097 1112 3142 nott.
1128 3094 1163 3143 ad
1176 3095 1214 3158 V,
1228 3096 1271 3145 42.
1299 3095 1341 3146 sd

207 3151 376 3228 Requirebat
396 3153 546 3220 Schweigb.
568 3149 598 3204 οί
614 3154 750 3206 Aunedon-
800 3161 884 3212 verba
898 3158 952 3209 είιε
964 3153 1029 3227 ίθίῳ
1044 3155 1131 3230 στόλῳ
1145 3160 1199 3212 site
1212 3161 1341 3230 δημοσίῳ

207 3233 317 3285 μονιοι,
336 3222 371 3274 ci.
386 3225 419 3284 V,
437 3223 480 3274 90.
505 3225 547 3275 Ad
563 3241 608 3286 ea,
622 3243 692 3291 quae
705 3228 750 3278 de·
800 3231 835 3280 ci.
847 3231 894 3292 Vl,
906 3229 947 3290 39,
957 3231 1003 3280 nbi
1017 3232 1165 3295 parimodo
1179 3231 1267 3300 κοινῷ
1279 3231 1342 3283 οπό-

207 3289 300 3356 ineeps
315 3297 488 3358 enarrantur,
507 3295 540 3346 de
555 3295 656 3361 Pythia
670 3297 749 3348 donis
801 3299 847 3366 λῳ.
888 3298 1043 3363 προφέρειν
1067 3301 1341 3369 Schweighaeuserns

207 3365 335 3426 corrupta
354 3362 392 3415 ci.
403 3365 441 3426 V,
454 3365 487 3416 66
506 3364 570 3432 (ubi
585 3364 620 3415 ad
635 3365 750 3417 Olistbe·
799 3369 993 3434 interpretatur
1014 3371 1090 3420 edere
1108 3375 1250 3436 ονοονίνπι,
1271 3374 1341 3426 idern

207 3445 267 3478 nem
280 3431 450 3494 potissimum
465 3434 516 3485 hoc
530 3435 661 3500 refertur,
676 3436 748 3502 quod
800 3439 871 3506 quod
881 3431 1020 3502 ἀναιρεῖν.
1048 3440 1173 3492 Bskkero
1185 3443 1212 3492 iu
1225 3449 1342 3495 mentem

205 3499 322 3562 Pythiae
334 3505 500 3565 persuaserit
517 3505 561 3556 vel
579 3507 670 3571 potius
690 3523 747 3558 eam
799 3509 874 3558 venit
886 3507 1071 3572 προφαίνειν,
1086 3512 1157 3576 quud
1174 3513 1260 3576 ipsum
1274 3513 1343 3578 legi·

206 3571 379 3637 corruperit).
396 3571 430 3622 90
443 3579 470 3623 et
483 3574 708 3627 AristidisSchol.
720 3593 747 3641 p.
799 3583 844 3629 tur
857 3579 909 3640 111,
922 3578 955 3629 65
970 3577 1028 3642 (ubi
1040 3579 1095 3630 vid.
1109 3579 1202 3646 nott).
1219 3583 1281 3644 Vll,
1296 3583 1339 3633 37.

205 3640 239 3688 45
259 3639 299 3688 ed.
315 3640 457 3691 Frommel.
482 3643 541 3708 (qui
558 3660 644 3711 aeque
664 3651 747 3711 stqus
800 3647 862 3712 161,
881 3647 928 3698 sed
948 3647 1002 3697 alio
1019 3663 1233 3712 prorsussansu.
1259 3653 1342 3718 Equi·

204 3707 361 3759 Herodotus
381 3712 409 3760 in
427 3710 591 3763 Clisthenem
609 3714 688 3766 buius
708 3717 747 3766 rei
799 3717 858 3768 dem
868 3717 970 3766 retinui
981 3711 1146 3784 προφέρειν,
1158 3720 1238 3786 idque
1249 3721 1340 3772 malim

205 3776 314 3842 culpam
334 3779 478 3846 transfert)
501 3781 562 3832 coll.
580 3784 746 3848 Pseudoplu·
798 3803 830 3837 eo
846 3801 927 3836 sensu
941 3787 1073 3851 accipere,
1091 3789 1200 3854 quoIV,
1216 3791 1260 3841 151
1277 3791 1339 3842 coll.

169 3885 173 3894 .
204 3848 291 3902 tarch.
309 3848 347 3901 11.
365 3865 391 3915 p.
409 3849 508 3914 8601),
530 3853 746 3917 qniHorodctea
798 3855 867 3918 1,3.
893 3857 1104 3908 Atrecteidem
1120 3859 1337 3926 Schweighaeus.

204 3917 370 3969 criminatur.
389 3921 490 3970 Noster
501 3920 613 3972 similem
624 3921 747 3974 fraudem
798 3917 974 3988 πρόφαντον,
989 3927 1061 3991 quod
1069 3928 1167 3979 iterum
1177 3930 1277 3995 legitur
1289 3932 1338 3994 lx,

205 3992 316 4038 enarrat
336 3989 440 4050 111,66
460 3989 522 4040 οοΙΙ.
545 3990 665 4042 Pausau.
694 3993 745 4054 111,
797 3995 845 4057 63,
860 3995 1057 4062 iuterpretatur
1074 4003 1173 4051 orandi
1183 4017 1339 4066 responsus,

204 4059 228 4108 1.
246 4060 269 4120 ξ.
284 4057 308 4107 5.
323 4059 452 4125 Polyaen.
466 4059 493 4122 1,
510 4059 556 4123 16,
573 4061 603 4124 1,
618 4075 686 4125 quae
698 4061 746 4112 du·
797 4067 906 4130 effatum,
924 4060 1029 4129 λόγιον,
1042 4063 1236 4132 θεοπρόπιον,
1249 4077 1280 4121 ut
1293 4087 1339 4121 ex-

202 4125 265 4175 dum
287 4128 380 4180 attulit
394 4128 526 4183 Valcken.
542 4156 576 4164 -
593 4123 747 4194 κατήμενοι
796 4133 883 4199 plicat
897 4135 1051 4200 Hesychius
1068 4138 1099 4187 T.
1114 4138 1148 4188 11.
1171 4156 1198 4204 p.
1216 4139 1289 4192 1062.
1304 4169 1338 4178 —-

203 4193 378 4260 interpretor:
405 4201 498 4260 otiose,
520 4201 600 4266 quiete
619 4201 744 4265 sedentes,
795 4202 837 4253 Ad
850 4205 963 4254 formam
979 4196 1115 4263 ἐξελῶντα
1133 4209 1161 4257 in
1175 4225 1251 4274 seqq.
1264 4211 1337 4262 coni.

203 4275 380 4319 commorantes
403 4269 536 4335 Delphis,
567 4269 614 4319 ubi
639 4271 744 4322 exsules
796 4273 844 4334 IV,
859 4273 1041 4336 148.111,59;
1062 4275 1095 4325 de
1105 4278 1222 4328 articulo
1236 4281 1337 4330 omisso

203 4331 303 4385 nnllam
324 4351 404 4403 agere
430 4343 559 4405 poterant
581 4355 637 4390 rem
658 4341 746 4408 publi·
796 4347 859 4393 ante
874 4341 1109 4403 Πεισιστρατίδας
1120 4349 1225 4398 monuit
1238 4349 1338 4401 Sebae-

794 4411 835 4461 isr
845 4411 878 4462 ad
888 4411 1026 4468 Plutarch.
1038 4415 1107 4467 Vitt.
1120 4417 1152 4466 T.
1166 4417 1213 4470 lv.
1229 4433 1255 4484 p.
1276 4417 1336 4472 346.

212 2553 299 2604 geque
318 2538 561 2604 exsplendesceret.
592 2539 634 2591 Cf.
655 2539 754 2590 Raoui-

212 2608 346 2659 Rochette
368 2609 410 2657 in:
441 2607 557 2658 Journal
579 2608 626 2658 des
646 2609 753 2659 Savans

215 2677 289 2728 1637.
311 2693 373 2741 pag.
394 2676 452 2748 162.
471 2703 503 2711 -
523 2677 564 2726 De
582 2677 660 2729 Pan'o
682 2693 754 2727 mar-

212 2745 284 2795 mor'e
299 2747 415 2795 diximus
429 2743 464 2793 ed
477 2745 530 2807 111,
545 2747 588 2797 57.

390 2945 454 2996 Cae.
469 2947 571 2999 LXIII.

202 4416 271 4453 01111.
