3002 4972
455 348 825 414 TERPSICHORE.
850 353 888 414 V.
911 361 956 418 92.
972 365 992 410 4.

1232 354 1289 419 181

156 539 281 610 narres
302 525 334 605 ἐς
354 522 489 613 ζήτησιν
503 520 694 612 ἀπικοίατο,
716 524 824 596 πάντα
844 523 1040 617 ἐρευνήσειν
1053 526 1223 616 μέλλοιεν·
1251 527 1292 598 τοὶ

158 727 243 778 tuerit
255 728 391 787 servatus
404 724 540 785 tradatur,
550 742 642 776 verum
652 726 700 776 ha
749 727 829 778 elren.
843 726 878 777 ad
890 725 1024 780 Herodi
1042 726 1059 780 l.
1064 743 1178 811 ‚nuper
1197 733 1289 782 antem

156 797 216 846 herr
229 795 331 860 possrt
357 793 385 844 ιι1
398 810 462 844 vero
475 794 601 846 credibile
622 797 697 846 ride·
748 795 911 847 wetsten·
904 812 931 846 ιιι
948 795 1035 859 libro,
1054 813 1102 862 qur
1116 798 1287 850 mscrrbrtnr

156 872 201 928 tur
213 879 274 916 rrro
287 863 369 914 docto
377 863 544 929 ,Cypselum
563 866 617 915 et'
610 881 698 930 ipsum
747 865 964 916 Zeitscbriitliir
977 865 1074 919 Gesch.
1088 882 1116 920 ιι.
1130 867 1288 934 Analegnng

156 935 324 997 insidiarum,
340 948 408 999 qnas
422 949 488 998 puer
501 933 697 986 adolescensve
748 935 773 984 d.
788 934 835 984 alt
849 936 950 986 Kunst.
966 936 1003 987 11.
1019 951 1083 1000 pag
1099 937 1161 998 272,
1169 941 1286 987 tamnu-

155 1023 171 1055 a
187 1003 353 1054 Baeohradrs
367 1018 464 1067 passus
485 1005 530 1066 sit,
549 1004 697 1068 gloriosam
748 1005 1046 1069 cepsesseindicarit,
1058 1005 1287 1071 utdeipsoquo-

155 1073 293 1140 quandam
304 1072 468 1122 mentionem
481 1079 576 1137 postea
588 1074 696 1136 iecisse,
746 1089 798 1137 que
806 1073 916 1138 Cypseli
925 1073 971 1124 illo
981 1075 1056 1124 vitae
1066 1075 1222 1125 discrimine
1233 1075 1286 1126 sibi

155 1158 210 1209 qua
223 1141 367 1206 probaret,
381 1156 411 1191 se
425 1141 533 1192 deorum
548 1144 629 1206 operti
642 1157 696 1192 ser·
745 1143 924 1193 dubitandum
945 1144 1133 1196 arbitraretur.
1165 1145 1286 1195 Pruden-

153 1217 248 1263 vatum
263 1217 291 1262 et
305 1211 340 1261 ad
353 1211 458 1260 maiora
474 1211 638 1262 destinatum
656 1227 695 1262 es·
746 1217 787 1262 ter
797 1211 842 1262 ille
852 1211 970 1277 quidem.
995 1214 1031 1262 Et
1045 1212 1110 1263 licet
1119 1229 1173 1264 non
1186 1215 1210 1263 is
1223 1214 1285 1276 sim,

154 1297 199 1344 se,
219 1277 336 1345 indeque
352 1280 645 1332 etiamoraculasunm
666 1281 694 1330 in
745 1283 791 1346 qni
801 1279 945 1346 Cypselum
959 1283 1178 1346 ipsumeregum
1191 1283 1286 1333 Corin·
1341 1275 1357 1300 ⁴

154 1366 232 1402 usum
247 1349 407 1415 protulisse:
427 1349 459 1400 de
473 1365 585 1414 quorum
599 1356 694 1400 aucto·
744 1350 862 1400 thiornm
873 1352 943 1401 serie
956 1351 1051 1402 tollere
1062 1352 1193 1416 gestiam:
1213 1351 1284 1403 idem

153 1422 236 1470 ritate
254 1419 327 1470 band
340 1421 427 1484 magis
443 1425 570 1470 constare
585 1420 694 1469 videtur
744 1425 836 1470 tamen
848 1421 1023 1484 pronuntiare
1037 1435 1089 1470 non
1100 1436 1204 1482 vereor,
1219 1422 1285 1486 ipsi-

153 1489 314 1550 Duuckero,
332 1488 398 1538 adeo
418 1493 448 1538 ut
462 1489 566 1538 oraculi
578 1505 638 1538 mox
656 1489 692 1554 (ξ.

153 1559 181 1622 5)
203 1558 304 1623 prolati
323 1559 433 1607 tertium
452 1573 558 1608 versum
578 1558 694 1608 subditi·

154 1629 226 1678 cium
239 1643 270 1678 ac
283 1632 346 1691 post
356 1632 481 1677 eventum
498 1627 629 1677 insertum
646 1627 693 1676 ba·

152 1698 227 1747 beat.
267 1697 308 1745 De
328 1712 381 1762 qua
398 1713 427 1747 re
445 1701 508 1746 utut
527 1698 641 1747 statuis:
665 1698 693 1748 id

152 1772 226 1818 certe
240 1766 397 1828 tenendum,
410 1765 478 1816 nihil
492 1767 628 1818 eiusmodi
641 1767 693 1816 t‘er-

151 1853 193 1887 me
206 1837 278 1886 inter
287 1834 407 1886 Graecos
419 1837 521 1902 peragi,
532 1838 586 1886 nisi
596 1852 693 1886 oracu-

151 1905 177 1956 lo
187 1906 302 1970 quodam
312 1905 496 1956 intercedente
507 1911 693 1971 autpraenuu-

151 1976 237 2024 tiante
253 1975 291 2033 id,
312 1974 386 2040 quod
398 1981 495 2038 postea
512 1991 608 2026 revera
620 1976 689 2026 acci·

151 2045 224 2095 disse
243 2045 405 2108 putabatur,
430 2044 547 2110 indeque
573 2046 655 2096 etiam
675 2059 692 2094 a

150 2113 260 2180 Cypseli
272 2118 299 2162 et
309 2113 510 2164 Corinthiorum
520 2114 602 2165 rebns
614 2115 691 2166 abes-

150 2200 180 2234 se
193 2199 246 2232 non
260 2198 340 2246 posse
357 2183 524 2234 oraculorum
537 2185 591 2234 vim
606 2189 632 2235 et
645 2199 691 2234 an-

150 2254 317 2305 ctoritatem.
348 2251 424 2314 Alia,
439 2269 509 2319 qnae
523 2254 558 2303 ad
574 2254 691 2304 Gracco-

149 2339 208 2373 rnm
228 2321 374 2387 religiones
396 2323 534 2388 pertinent
555 2328 637 2388 atque
661 2324 689 2372 in

149 2393 191 2442 his
206 2393 291 2442 latere
303 2396 441 2456 putantur,
455 2391 526 2443 huno
538 2393 567 2442 in
580 2392 688 2443 modum

149 2467 308 2524 persecutns
324 2465 366 2512 est
379 2461 561 2512 Crenreras
574 2461 688 2527 (Comm.

149 2531 293 2582 Herodott.
311 2547 338 2595 p.
350 2531 383 2580 62
401 2531 503 2598 seqq),
525 2533 616 2596 quiin
636 2533 688 2582 hac

149 2601 182 2650 de
190 2599 299 2665 Cypseli
312 2600 392 2650 rebus
404 2602 562 2651 narratione
576 2601 687 2652 feralem

149 2670 222 2720 illam
239 2669 355 2720 Osiridis
370 2685 461 2720 aream
478 2686 584 2736 quoque
603 2673 688 2736 respi-

148 2757 174 2790 ιι
166 2739 245 2788 vult
261 2750 290 2790 et
304 2741 333 2790 in
346 2741 440 2790 matria
452 2739 561 2804 Cypseli
578 2742 687 2792 nomine

147 2802 270 2875 (Λάβδαι
292 2809 347 2858 riri.
368 2815 437 2859 nott.
455 2809 542 2873 adV,
558 2811 601 2862 92.
620 2811 644 2873 ξ,
658 2809 686 2875 2)

113 2933 117 2942 ,
147 2894 271 2943 ea,quae
281 2879 421 2928 decideriis
432 2879 483 2928 diis
493 2881 621 2944 Aegvptii
632 2885 688 2929 tra-

146 2949 283 2998 diderunt.
307 2949 361 3010 Qui
373 2946 443 2997 idem
457 2947 555 2998 dein
533 2965 573 2999 suc
585 2950 685 3016 pergit:

145 3019 256 3082 „Atque
272 3020 297 3067 si
316 3018 484 3082 memineris,
501 3017 550 3067 illa
568 3019 629 3082 ipsa
644 3019 686 3068 lu-

145 3088 245 3152 gubria
265 3087 375 3137 diverso
398 3087 478 3137 modo
499 3087 603 3137 tradita
625 3103 686 3139 esse

145 3155 218 3220 apud
237 3157 387 3221 Aegyptios
412 3156 550 3222 fuisseque
575 3159 685 3221 tamam,

146 3241 217 3291 quae
240 3227 275 3275 ad
292 3225 375 3275 fllium
396 3227 493 3276 Ηονιοιι
514 3227 684 3290 transferret,

144 3311 216 3360 qnae
226 3295 309 3357 vulgo
323 3302 401 3360 pater
411 3295 492 3346 Osiris
504 3297 612 3346 atrocia
627 3313 686 3362 per-

145 3379 241 3430 pessus
261 3365 362 3415 dicitur
383 3363 539 3429 (Plutarch.
557 3367 626 3430 Opp.
647 3366 683 3416 11.

144 3450 208 3500 pag.
218 3433 308 3485 35811.
324 3450 386 3499 pag.
396 3433 607 3500 tiOWyttenb.)
617 3473 623 3496 ,
638 3435 683 3486 de·

143 3505 218 3554 sines
233 3503 339 3564 mirari,
353 3505 380 3552 in
394 3505 559 3554 Graecorum
573 3504 684 3554 relatio-

143 3573 224 3622 nibus
240 3571 381 3636 pucrulnm
399 3575 428 3623 in
440 3567 501 3638 ip'so
520 3575 616 3624 mortis
629 3574 684 3624 dis-

143 3643 255 3692 crimine
269 3645 391 3707 potuisse
404 3647 431 3693 at
444 3643 472 3692 in
484 3659 576 3694 arcam
598 3643 684 3694 inclu-

143 3711 170 3760 di
183 3716 212 3761 et
225 3711 261 3761 ab
272 3726 337 3761 arca
354 3728 451 3763 nomen
470 3713 603 3765 invenire.
630 3713 683 3764 He-

50 3801 55 3809 ·
142 3772 291 3831 rodotns
273 3772 332 3829 αιτό
353 3779 404 3844 τῆς
420 3775 553 3866 Κυυὲλνις
575 3773 683 3832 ἐπωνυ-

142 3851 212 3913 μίην
240 3842 422 3908 Κύψελος
448 3845 558 3915 οὕνομα
588 3842 683 3932 ἐτέθη.

141 3919 297 3970 Pausanias
318 3920 379 3971 loco
399 3922 504 4000 gemino
523 3923 561 3982 V,
583 3923 615 3973 lii
634 3914 683 3980 τὰς

142 3984 174 4038 di
196 3979 340 4050 λάρνακας
361 3983 392 4039 οἵ
412 3983 474 4040 τότε
492 3959 610 4040 ἐκάλουν
627 3992 683 4040 Ko-

142 4055 255 4118 ρίνθιοι
272 4058 405 4118 κυψέλας.
432 4061 509 4124 Quod
527 4076 593 4112 vero
610 4061 682 4144 apud

142 4127 256 4178 eundem
274 4143 337 4194 pag.
355 4130 406 4180 tttt
422 4136 450 4180 et
464 4133 516 4181 424
534 4131 629 4181 1ιιοο
620 4146 683 4195 rpsa

141 4198 228 4257 cista,
242 4197 270 4247 in
287 4213 340 4264 qna
356 4199 476 4250 inclusus
491 4199 624 4264 Cypselus
643 4200 682 4250 le·

141 4267 261 4326 rebatur,
278 4270 392 4319 Iunonis
408 4271 436 4319 in
448 4270 576 4334 templum
590 4269 683 4333 Olym-

142 4337 206 4402 piae
218 4335 348 4388 dedicata
358 4339 485 4404 ambigue
497 4339 627 4401 traditur,
642 4356 681 4390 rs·

142 4411 186 4458 cte
202 4407 256 4457 iam
277 4407 306 4458 in
325 4407 435 4460 dubium
456 4414 604 4460 vocaverat
619 4409 682 4462 Val-

742 1505 774 1539 us
791 1489 935 1539 historiam
958 1505 992 1540 ex
1007 1491 1124 1540 Herculis
1142 1490 1284 1554 Bacchique

742 1559 800 1610 sive
812 1557 920 1609 Osiridis
938 1558 1039 1608 fabulis
1057 1557 1175 1608 colorem
1191 1557 1284 1608 duxis-

744 1643 782 1680 se.
815 1629 856 1678 ad
880 1628 1024 1679 Herculem
1042 1631 1114 1678 enirn
1133 1627 1201 1678 baec
1221 1629 1284 1692 ipsa

742 1698 888 1762 pertinere,
903 1713 936 1748 ea
951 1697 1060 1761 docent,
1075 1696 1190 1762 quaeda
1204 1696 1284 1748 Tele-

742 1766 795 1832 pho
809 1767 934 1817 diximus.
953 1766 1090 1818 Bacchum
1100 1771 1192 1817 autern
1201 1765 1283 1817 Eleu-

741 1836 931 1887 therolacones
944 1837 1069 1888 ferebant
1083 1836 1138 1885 uni
1150 1851 1211 1886 eum
1225 1851 1283 1885 ma-

742 1911 783 1956 tre
800 1905 906 1956 Semela
924 1905 952 1955 in
972 1921 1063 1956 arcam
1081 1895 1122 1969 (ἐς
1140 1900 1281 1971 λάρνακα)

742 1975 886 2036 ἰιιο1ιιιιιιιι,
894 1975 1107 2026 marisfluctibus
1117 1974 1151 2024 ad
1161 1975 1281 2039 ipsorum

742 2043 1279 2110 oramadvectum(PausanLacomcap.

742 2111 797 2177 24).
817 2113 885 2164 Nolo
895 2113 1111 2164 Bacchiadarum
1124 2113 1280 2174 admonere,

741 2185 776 2233 ad
790 2198 857 2248 quos
873 2181 984 2248 Cypseli
1002 2198 1045 2233 res
1061 2187 1203 2246 spectant,
1223 2185 1279 2248 qni,

741 2269 801 2303 cnm
827 2253 931 2317 origine
947 2252 1111 2303 Heraclidae
1135 2257 1241 2316 essent,
1262 2268 1280 2302 a

739 2321 878 2373 Bacchide
894 2337 993 2372 novum
1011 2337 1109 2371 nomen
1129 2335 1280 2386 assumpse-

739 2397 816 2442 rant:
840 2407 890 2441 neo
910 2390 996 2455 magis
1013 2391 1046 2442 de
1066 2389 1217 2452 Amphione.
1230 2390 1280 2455 Cy-

739 2463 894 2528 peciisse,
915 2461 1018 2522 dicam,
1037 2459 1103 2510 licet
1125 2473 1174 2508 nee
1195 2459 1243 2508 illa
1262 2475 1279 2509 a

738 2530 925 2594 metaphorica
939 2529 1046 2579 ratione
1055 2528 1234 2588 abhorreaut;
1248 2528 1281 2578 il-

738 2601 784 2651 lud
794 2601 932 2663 adiiciam,
946 2598 1091 2664 Cypselum
1103 2613 1136 2648 ex
1147 2613 1211 2648 arca
1225 2613 1279 2648 non

738 2673 826 2721 miuus
846 2669 963 2720 alacrem
980 2669 1117 2720 vindicem
1138 2667 1279 2718 exstitisse

737 2741 852 2792 claudae
863 2740 943 2790 metri
953 2739 1074 2799 Labdae,
1089 2753 1170 2802 quam
1181 2739 1279 2787 Horrea

738 2811 785 2860 et'
779 2826 875 2874 rpsnm,
890 2811 962 2860 siout
975 2808 1048 2858 fama
1064 2807 1182 2868 larebat,
1198 2821 1279 2857 arcae

737 2880 885 2944 inclusum,
903 2879 1049 2929 debilitatae
1065 2878 1132 2929 Isidi
1149 2875 1192 2927 vel
1210 2878 1279 2927 Bao·

737 2950 815 3001 chum
842 2948 963 3000 Semelae.
1001 2948 1157 3010 Usnrpasse
1186 2952 1278 2996 sutem

736 3020 839 3084 priscos
853 3018 914 3069 illos
929 3019 1048 3068 Graecos
1064 3015 1116 3066 hoc
1130 3015 1276 3082 allegoriae

736 3105 836 3154 genus,
851 3093 883 3138 ut
900 3096 1011 3148 mortem,
1023 3101 1140 3147 somnam,
1153 3091 1181 3136 et
1200 3085 1277 3151 quid·

737 3159 800 3223 quid
810 3157 980 3209 debilitatam
992 3160 1118 3206 naturam
1128 3155 1229 3206 habere
1238 3156 1277 3204 vi-

736 3229 828 3288 detur,
842 3243 889 3292 per
905 3227 1045 3290 impeditam
1058 3241 1172 3290 pressam
1186 3224 1277 3276 decla-

736 3302 844 3357 rarent‚
859 3311 956 3361 magno
977 3299 1136 3359 argumento
1151 3294 1199 3344 illa
1216 3295 1277 3360 ipsa

737 3381 801 3416 arca
814 3366 924 3430 Cypseli
938 3365 1081 3429 Olympiae
1095 3370 1152 3424 est,
1172 3366 1199 3414 iu
1221 3380 1276 3429 qua

736 3435 890 3486 Pausanias
908 3435 976 3484 dicit
997 3435 1125 3484 seminam
1142 3449 1201 3485 esse
1222 3433 1276 3484 eiii·

734 3510 806 3555 ctam
816 3507 987 3568 gestantem
997 3504 1064 3555 duos
1077 3519 1189 3568 pueros,
1207 3503 1275 3554 alte-

734 3571 915 3637 rumalbum,
940 3575 1044 3658 nigrum
1065 3573 1196 3636 alterum,
1213 3574 1275 3624 dor-

735 3645 848 3694 mientes
868 3649 1007 3722 utrosque,
1023 3637 1201 3728 ἀμφοτέρους
1218 3640 1275 3692 dss-

735 3711 929 3777 στραμμένους
946 3706 1153 3774 τούςιιόδιις,
1144 3731 1163 3763 ι.
1178 3730 1203 3764 e.
1216 3713 1274 3763 val-

734 3799 798 3848 gos,
824 3789 898 3834 recte
918 3783 1074 3847 explicante
1089 3783 1254 3834 Viscontio'
1246 3798 1275 3832 ιιι

734 3855 805 3906 Μαι,
819 3854 884 3903 Pio·
891 3853 1023 3906 Clement.
1038 3854 1071 3907 T.
1084 3853 1136 3906 111.
1152 3867 1213 3916 pag.
1232 3851 1274 3914 511,

733 3927 807 3974 recte
826 3924 891 3972 item
912 3923 1052 3974 iudicante
1074 3923 1196 3985 Heynio,
1222 3922 1273 3970 hoo

736 3993 795 4056 ipso
814 3993 912 4057 pedum
929 3992 1000 4042 vitio
1019 3991 1206 4042 infirmitatem
1229 3990 1274 4039 de-

733 4062 841 4113 clarari.
860 4064 896 4112 Et
905 4063 1063 4112 mirabimur
1072 4061 1223 4126 priscarum
1233 4073 1274 4108 re-

732 4131 861 4197 ligionum
889 4133 995 4181 monitu
1022 4128 1183 4194 Cypselidas
1211 4126 1273 4178 illos

733 4200 836 4250 Bnoehi
855 4205 942 4251 cistam
960 4202 1068 4264 feralem
1087 4200 1195 4261 aliquam
1214 4197 1272 4248 sive

733 4269 841 4320 Osiridis
855 4271 995 4321 dedicasse
1009 4270 1037 4318 in
1050 4267 1171 4318 sacrario
1182 4265 1273 4332 Olym-

732 4341 778 4404 pio
797 4340 910 4390 Iunonia
930 4345 957 4390 et
981 4343 1077 4404 postea
1099 4337 1200 4387 samam
1221 4337 1272 4388 ali-

733 4425 812 4475 quam
825 4409 1021 4472 increbrnisse,
1033 4423 1103 4474 qnae
1116 4407 1272 4460 seminante
