2958 5010
202 273 263 337 756
630 273 894 338 HERODOTI

135 460 195 522 205
204 451 344 540 Σπάρτῃ
359 453 392 534 ἐξ
407 447 669 540 ἀπροσδοκήτου.
704 452 818 532 Διξοῐν
830 449 895 538 γάρ
909 454 943 518 οί
955 449 1081 519 ἐόντων
1096 450 1366 537 πρεσβυτέρων

202 553 393 643 ἀδελφεῶν,
417 553 622 644 Κλεομένεός
637 556 742 622 τεκαὶ
757 556 923 642 Δωριέος,
944 550 1133 642 ἀπελήλατο
1156 558 1225 640 τῆς
1244 581 1363 642 φραν-

202 666 293 740 τίδος
313 661 388 748 περὶ
410 664 468 748 τῆς
486 666 671 748 βασιληΐής.
707 655 942 740 ἀποθανόντος
958 660 994 728 δὲ
1008 659 1229 744 Κλεομένεος
1245 655 1361 726 ἅπαι-

203 770 259 844 δος
275 770 409 852 ἔρσενος
427 763 547 850 γόνου,
569 764 719 850 Δωριέος
732 789 768 831 τε
787 759 897 831 οὐκέτι
919 760 1049 846 ἐόντος,
1069 757 1157 830 ἀλλὰ
1181 761 1361 848 τελευτή·

203 890 322 948 σαυτος
335 869 391 936 καὶ
405 866 526 936 τούτου
542 870 579 936 ἐν
593 873 750 956 Σικελίῃ,
776 862 863 934 οὕτω
879 863 920 953 δή
936 867 969 945 ἐς
983 870 1165 951 Λεωνίδην
1179 861 1361 952 ἀνέβαινε

202 968 411 1062 ήβασιληΐη,
433 972 488 1040 καὶ
511 970 596 1040 διότι
610 969 769 1060 πρότερος
790 967 942 1056 ἐγεγόνεε
956 968 1203 1057 Κλεομβρότου
1225 959 1400 1052 (adonemi

203 1073 266 1164 γὰρ
280 1066 323 1164 ήυ
338 1075 499 1155 νεώτατος
515 1071 780 1161 Ἀναξανδρίδεω
795 1078 902 1156 παῖς),
926 1075 982 1142 καὶ
1003 1069 1046 1162 δή
1066 1073 1122 1142 καὶ
1142 1070 1218 1159 εἶχε
1235 1078 1358 1141 Κλεα-

203 1177 319 1266 μέυεος
339 1179 521 1267 θυγατέρα.
560 1175 616 1258 Ὃς
635 1175 708 1246 τότε
724 1175 775 1266 ήίε
791 1180 823 1257 ἐς
838 1176 1074 1266 Θερμοπύλας,
1098 1175 1359 1264 ἐπιλεξάμενος

204 1280 329 1372 ἄνδρας
345 1310 381 1350 τε
396 1280 472 1362 τούς
492 1287 716 1362 κατεστεῶτας
730 1287 955 1369 τριηκοσίους,
978 1282 1033 1350 καί
1047 1295 1134 1348 τοῖσι
1148 1279 1358 1367 ἐτύγχανον

203 1490 260 1539 reri
271 1503 376 1554 quoque
396 1491 503 1552 potest,
523 1489 595 1554 quod
610 1490 681 1553 spud
691 1490 745 1540 Xe·
793 1486 879 1538 centis
897 1486 1051 1550 cogitentur
1063 1483 1199 1548 Helotne,
1222 1488 1279 1552 qni
1294 1487 1355 1536 hini

203 1558 367 1623 nophontem
381 1557 480 1624 legitur
494 1560 522 1608 in
532 1559 683 1624 Cyropued.
695 1559 743 1623 VI,
792 1555 948 1622 plerumque
963 1555 1007 1604 vel
1019 1556 1085 1604 trini
1098 1555 1221 1620 singulis
1234 1557 1355 1607 civibus

206 1629 326 1694 1447.
452 1627 457 1638 '
792 1625 1001 1677 luerintedditi.
1026 1625 1354 1691 HincquoqueDiodo-

792 1711 840 1746 rus
854 1695 903 1753 XI.
916 1697 932 1746 4
943 1697 1007 1744 mille
1017 1693 1103 1745 inisse
1118 1701 1246 1746 testatur
1262 1697 1354 1748 Lace

391 1781 457 1835 Cup.
477 1781 554 1834 ccv,
792 1767 934 1816 daeomrrioe
948 1771 975 1816 ct
993 1780 1052 1815 oum
1068 1765 1103 1816 iis
1115 1773 1253 1818 trecentos
1265 1765 1353 1828 Sper.

239 1878 397 1952 ἀπελήλατο
410 1885 462 1952 τῆς
480 1883 645 1950 φροντίδος]
664 1900 743 1934 remo-

206 1965 246 2008 tus
256 1967 327 2020 erat,
344 1964 415 2023 Ionpe
425 1957 516 2008 oberat
527 1973 543 2007 α
555 1957 704 2020 cogitatione
714 1955 745 2004 de

206 2029 370 2092 adipiscendo
382 2043 468 2093 παραυ.
498 2028 542 2078 Its
552 2024 701 2089 Schweigh.
715 2025 743 2072 in

206 2097 272 2149 Lex.
294 2099 394 2149 Herod.
415 2099 437 2148 l.
456 2113 517 2163 pag.
537 2099 579 2148 70.
615 2096 657 2144 De
683 2094 744 2158 ipsu

207 2167 296 2217 forms
307 2168 362 2218 vid.
375 2167 490 2218 Bredov.
502 2183 565 2233 ρας.
576 2165 624 2217 341
639 2179 695 2228 seq.
708 2191 744 2200 -

206 2237 249 2286 Ad
276 2253 358 2288 voces
377 2229 501 2294 ἄπαιδος
522 2230 635 2298 ἔρσενος
657 2229 744 2297 γόνου

206 2307 262 2358 vid.
278 2307 345 2368 Vll,
360 2308 391 2358 ol
408 2313 436 2356 et
451 2308 591 2364 δείδοικα
607 2307 636 2355 iu
650 2304 745 2356 Sicilie

207 2381 313 2426 mortuo
327 2376 382 2428 rid.
394 2377 427 2436 V,
438 2380 470 2426 42
483 2391 560 2443 seqq.
584 2377 637 2426 Pro
652 2366 745 2424 οόιιέτι

207 2437 304 2502 ἐόντος
323 2445 396 2511 quod
416 2447 506 2498 Nuber
525 2449 553 2496 in
573 2447 743 2510 Mnemosyn.

205 2533 352 2598 111.p.4sso
364 2534 459 2598 reponi
469 2533 529 2583 vult
542 2529 635 2582 οὐκέτι
646 2547 667 2580 π
676 2545 687 2580 ε
696 2548 711 2596 ρ
719 2547 747 2580 ι-

207 2595 245 2651 εό
251 2617 266 2649 ν
275 2615 310 2651 το
318 2617 346 2667 ς,
363 2604 587 2668 quemadmodum
597 2604 697 2654 Noster
708 2601 745 2651 lo·

208 2677 286 2723 cutus
297 2672 334 2722 sit
344 2673 395 2733 Ill,
411 2676 449 2724 15.
460 2675 492 2736 V,
502 2672 543 2724 39.
555 2673 602 2733 Vl,
615 2672 745 2733 103.V11‚

209 2743 267 2793 lto.
281 2742 335 2804 lx,
347 2744 395 2806 90,
418 2745 465 2809 qui
483 2741 536 2791 ulio
551 2755 631 2792 sensu
646 2741 746 2790 dixerit

208 2805 303 2860 σόκὲτι
323 2804 397 2861 εἶναι
414 2815 452 2874 V,
474 2811 602 2862 1020011.
623 2811 680 2873 lll,
700 2810 744 2875 65,

207 2881 331 2947 equidem
346 2887 454 2933 secutus
468 2895 522 2930 non
539 2896 611 2940 sum,
630 2881 676 2943 qui
691 2880 745 2930 lle-

208 2952 334 3003 rodotum
361 2959 475 3015 utroque
501 2949 578 2999 modo
603 2949 675 3028 loqui
698 2965 744 3016 po·

209 3023 294 3073 tuisse
317 3022 449 3072 existimo.
490 3019 607 3068 Verbum
630 3017 746 3087 αναβαί-

209 3107 270 3142 νειν
284 3091 366 3156 attigi
378 3090 412 3140 ud
424 3087 486 3148 Vll,
501 3089 526 3138 4.
672 3099 674 3102 ·

234 3153 286 3218 ”Oe
298 3155 359 3211 τότε
375 3151 420 3224 ήϊε
435 3151 462 3215 ἐς
480 3153 666 3220 Θερμοπύλας
677 3171 703 3208 κ.
719 3174 744 3210 τ.

207 3231 244 3298 λ.]
256 3233 297 3284 De
308 3247 357 3281 usn
368 3227 533 3294 pronominis
543 3225 663 3290 relutivi,
673 3229 746 3292 quod

207 3304 330 3368 ponitur,
352 3300 399 3350 ubi
417 3298 539 3364 pluribus
556 3297 644 3348 verbis
664 3297 747 3348 iuter-

207 3375 287 3423 isctic
306 3369 341 3420 ud
360 3371 452 3434 priore
473 3367 625 3434 regreditur
647 3368 746 3429 cretio,

209 3442 314 3491 monuit
323 3438 420 3488 Mutth.
430 3439 476 3489 Gr.
485 3439 531 3490 Gr.
542 3439 566 3500 §-
575 3438 633 3500 til,
645 3451 671 3488 κ.
692 3439 745 3487 Ριο

208 3503 405 3573 ἐπιλεξάμενος
423 3507 483 3573 (etot
497 3505 621 3572 clepet-ot)
639 3507 747 3558 Isocra·

209 3588 250 3632 tes
268 3583 402 3646 Panegyr.
419 3593 479 3642 cup.
501 3580 542 3629 25.
563 3581 588 3639 §-
601 3577 636 3627 90
653 3577 744 3629 activo

208 3652 294 3702 utitur
312 3651 394 3701 verbo
415 3648 550 3697 scribens:
571 3642 746 3710 Λακεδαιμό-

209 3734 264 3769 νιοι
286 3712 337 3782 μὲν
353 3712 393 3774 είς
411 3709 595 3778 Θεραοπόλας
616 3711 688 3778 πρὸς
712 3709 744 3766 τό

208 3782 292 3849 πεζὸν
314 3787 420 3852 χιλίους
446 3777 540 3835 adedo
570 3779 746 3848 ἐπιλέξαντες

208 3857 256 3908 κοιλ
269 3857 325 3907 τῶν
339 3849 490 3919 συμμάχων
501 3848 611 3919 ὀλίγους
621 3856 745 3920 παραλα-

208 3923 315 3996 βόντες.
348 3927 402 3976 Ubi
418 3927 489 3992 quod
504 3933 669 3976 trecentorum
683 3926 743 3978 loco

207 4003 271 4048 mitte
286 4001 368 4047 vocet
380 3996 531 4058 leocrates,
555 3995 627 4047 hunc
641 3996 744 4048 dissen-

208 4085 266 4119 sum
287 4069 326 4116 itu
346 4069 470 4132 componi
487 4081 567 4131 posse
586 4071 667 4131 putet
685 4069 743 4118 Mo·

207 4153 267 4196 rus,
289 4142 332 4200 ut,
356 4137 464 4202 quondo
485 4139 590 4187 trecenti
607 4137 742 4198 dicentur,

207 4205 395 4270 intelligentur
411 4211 503 4271 putres
518 4207 650 4268 familiae,
667 4209 742 4258 cives

792 1844 866 1887 tonos
879 1850 934 1885 unu
946 1850 1007 1885 cum
1017 1835 1106 1887 tribus
1116 1834 1245 1885 millibus
1258 1837 1352 1886 socio-

792 1921 861 1958 rum.
900 1907 998 1970 ltaque
1019 1905 1090 1968 opud
1107 1904 1292 1956 Herodotum
1311 1906 1351 1954 in·

792 1974 952 2040 telliguntur
966 1975 1081 2025 trecenti
1095 1975 1233 2039 Spartani
1251 1991 1269 2024 e
1288 1974 1350 2025 reli·

792 2045 853 2109 quis
866 2045 972 2094 civibus
982 2043 1081 2094 delecti
1091 2045 1166 2108 iique
1176 2051 1282 2095 aetate
1294 2046 1349 2095 ism

793 2115 979 2179 provectiores
989 2109 1135 2180 putresque
1148 2113 1290 2164 luniilins.
1316 2113 1349 2164 ld

794 2186 865 2233 enim
885 2185 974 2249 ipsum
993 2185 1064 2234 hund
1085 2185 1143 2233 scio
1163 2199 1202 2233 un
1217 2185 1348 2235 indicent

793 2255 876 2306 verbu
887 2247 1106 2310 claromontense
1118 2249 1166 2302 καὶ
1175 2254 1259 2302 τοῖσι
1270 2245 1349 2318 ἐπόγ-

794 2337 884 2388 zoroe
896 2321 998 2381 παῖδες
1011 2315 1118 2384 ἐόντες,
1140 2339 1215 2390 ασιε
1229 2325 1346 2374 tresse-

793 2395 860 2458 ling.
878 2393 1073 2459 interpretetus
1094 2399 1155 2444 oret
1171 2409 1264 2444 omnes
1284 2395 1346 2442 erid-

792 2468 845 2514 tom'
863 2472 947 2516 ociore
968 2463 1171 2528 (constitutos),
1201 2465 1256 2528 qui
1275 2463 1344 2514 nisti

794 2539 929 2584 vocentur
945 2527 974 2582 ol
990 2524 1021 2582 ἔν
1038 2527 1134 2602 ἡλικίᾳ
1150 2538 1239 2598 utque
1256 2537 1343 2584 etium

794 2596 825 2653 αλ
840 2595 869 2651 ἐν
881 2596 1015 2667 αίσδήσει
1028 2600 1236 2664 καθεατειότες,
1251 2609 1289 2654 ut
1302 2607 1343 2652 est

793 2672 866 2737 opud
880 2673 1026 2724 Stobuenm
1040 2672 1134 2734 XVII,
1148 2673 1192 2723 35.
1209 2688 1277 2738 pag.
1294 2672 1343 2724 lot

795 2742 840 2804 (Τ.
849 2743 871 2792 Ι.
879 2741 1081 2808 pomanini).
1099 2741 1166 2792 Inde
1176 2741 1259 2804 Miot,
1272 2742 1343 2793 niter

796 2811 891 2862 Gallus
902 2813 1049 2880 interpres,
1064 2811 1167 2862 reddit:
1186 2817 1300 2874 „peruri
1307 2816 1343 2863 lec

793 2882 897 2931 tremores
925 2883 985 2930 d'rrn
1009 2882 1057 2947 δρα
1082 2883 1237 2932 conceretio
1267 2883 1286 2932 ἀ
1316 2884 1341 2930 λε

792 2951 918 3016 ρκετνε.“
942 2951 1095 3002 Luroherus
1109 2949 1230 3014 intelligi
1241 2951 1341 3002 meluit

793 3021 1342 3084 trecentumconcertorrooeeieronespar-

794 3103 884 3154 tonos,
901 3093 961 3157 qni,
974 3093 1099 3156 quamvis
1114 3090 1183 3154 pede
1196 3090 1339 3155 stipendis

793 3162 944 3224 iacientes,
970 3161 1091 3226 equitum
1113 3167 1207 3209 tumen
1228 3161 1340 3210 nomine

793 3231 909 3281 vocitati
928 3231 1031 3281 fuerint
1050 3231 1090 3297 (in
1111 3243 1162 3294 quo
1176 3228 1279 3279 merito
1295 3231 1341 3280 ob-

794 3301 914 3365 loquitur
927 3301 956 3352 0.
974 3299 1147 3364 0.,Mueller:
1167 3300 1235 3349 Dor.
1254 3299 1295 3350 ll.
1312 3316 1337 3366 p.

795 3370 843 3419 241
857 3377 913 3420 not.
921 3371 959 3434 λ),
968 3386 1103 3436 vocesque
1111 3363 1178 3426 τούς
1188 3367 1339 3420 κατεσπευ-

793 3453 843 3495 τας
854 3441 1048 3504 interpretetur
1061 3445 1084 3491 te
1092 3453 1168 3502 corps
1175 3442 1233 3504 fiee
1242 3448 1269 3490 et
1279 3455 1338 3502 per·

793 3519 906 3574 moneor,
932 3510 1023 3560 stabile
1042 3512 1117 3574 quari
1136 3523 1168 3558 oc
1187 3519 1337 3572 perpetuu

794 3593 895 3643 cymen:
920 3579 992 3644 quod
1015 3579 1161 3641 siluerit,
1185 3580 1216 3628 de
1238 3581 1336 3630 deloco

794 3647 841 3713 qui
858 3665 945 3700 sermo
963 3664 1022 3700 esse
1039 3649 1175 3713 potnerit,
1197 3654 1274 3699 recte
1290 3651 1337 3700 mi-

793 3723 868 3768 retur
889 3718 1176 3784 Sclirreighueueorns,
1202 3719 1252 3784 qui
1274 3735 1335 3770 curn

794 3787 932 3840 Schultzio
945 3787 1012 3839 lruec
1025 3789 1108 3839 rerba
1119 3789 1159 3838 itu
1172 3787 1336 3853 simpliciter

793 3873 852 3908 esse
862 3859 1001 3908 reddendo
1010 3859 1130 3908 censuit:
1145 3859 1295 3910 constitutos
1303 3861 1335 3920 ‚ii-

793 3932 832 3979 ior
845 3926 917 3994 (lege
930 3927 1003 3993 scil.)
1018 3936 1144 3987 trecentos
1157 3930 1225 3978 viror
1238 3943 1263 3978 ε.
1273 3929 1335 3994 lepi-

793 4001 872 4049 tirnum
891 4014 1015 4048 numerum
1030 4006 1193 4048 trecentorum
1213 3999 1331 4048 τιίἀιται.

794 4069 829 4117 At
843 4069 944 4118 rectius
955 4069 1033 4126 idem,
1047 4067 1154 4132 opinor,
1165 4065 1193 4116 in
1206 4069 1333 4118 versione

793 4138 907 4188 Latine:
926 4142 1009 4188 iustae
1020 4139 1115 4189 aetatis
1126 4139 1205 4196 otro,
1218 4151 1333 4202 eumque

793 4213 903 4258 secutus
919 4208 1055 4272 Longius:
1079 4206 1244 4258 ἀπάλαιστος
1255 4205 1333 4256 Μᾶκ-

208 4276 360 4341 Spsrtunie
370 4280 430 4328 toto
440 4277 539 4342 populo
551 4277 658 4336 delecti,
671 4275 741 4328 mille
791 4293 839 4328 ner
852 4287 1042 4342 conpetentem
1054 4277 1129 4329 Alter
1141 4277 1194 4327 ιαισ
1202 4277 1244 4327 die
1256 4277 1333 4329 emon

207 4361 272 4398 vero
284 4343 329 4396 ubi
342 4351 487 4412 vocentur,
506 4347 607 4400 adiecti
625 4346 667 4397 his
688 4351 742 4398 tre·

792 4347 893 4400 Kinder
909 4347 1003 4399 λαιιειι.
1037 4349 1094 4401 Neo
1106 4347 1177 4399 elios
1190 4345 1246 4396 nisi
1255 4347 1331 4398 viros
