3002 4972
442 395 810 457 TERPSIOHORE.
832 399 869 458 V.
894 407 1045 462 lib-lli.
1250 398 1311 460 223

173 570 323 656 Πέρσησι
339 565 586 656 συμβάλλουσι,
609 567 665 634 uel
680 566 904 655 μαχησάμενοι
920 569 974 637 ἐπὶ
988 571 1096 636 πλεῦν
1113 561 1133 655 ἦ
1148 572 1311 656 πρότερον

175 672 391 758 ἑσσώθησαν·
421 667 594 739 πεσόντων
615 669 652 738 δὲ·
673 675 741 737 τῶν
755 670 892 739 πάντων
915 676 1049 740 πολλῶν
1070 671 1307 760 Μιλήσιοιμά·

175 786 269 844 λιστα
289 773 490 860 ἐπλήγησαν.
540 771 638 841 Μετὰ
661 775 697 842 δὲ
712 779 810 842 τοῦτο
829 771 866 843 τό
886 779 1000 863 τρῶμα
1019 771 1184 862 άνέλαβόν
1203 802 1238 843 τε
1253 778 1374 870 κα1121

173 877 419 966 ἀνεμαχέσαντο
433 879 468 943 ol
479 880 599 962 Κᾶρες.
627 875 815 963 πυθόμενοι
829 875 911 966 γάρ,
927 873 971 958 ὡς
984 877 1225 965 στρατεύεσθαι
1242 875 1307 966 τόρ-

173 985 289 1068 μέαται
311 984 346 1048 ολ
358 981 486 1065 Πέρσαι
507 982 561 1047 ἐπὶ
581 978 638 1060 τὰς
656 979 749 1060 πόλις
769 983 900 1066 σφέων,
926 979 1087 1068 ἐλόχησαν
1100 979 1162 1069 τὴν
1184 985 1222 1050 έν
1235 991 1307 1070 Πη-

175 1079 377 1175 δάσῳδδδν,
399 1086 431 1162 ἐς
444 1079 506 1169 τὴν
527 1081 725 1171 ἐμπεσόντες
743 1088 778 1151 ολ
789 1085 915 1170 Πέρσαι
933 1083 1053 1163 νυκτός
1074 1085 1310 1174 διεφθάρησαν

174 1189 231 1256 καὶ
245 1183 341 1255 αὐτοὶ
355 1187 411 1253 καὶ
430 1189 465 1252 ολ
474 1187 650 1274 στρατηγοὶ
668 1184 797 1272 αὐτῶν,
822 1193 994 1276 Δαυρίσης
1008 1189 1062 1256 καὶ
1080 1184 1239 1277 Ἀμόργης
1253 1190 1307 1256 καὶ

174 1289 376 1379 Σισιμάκης·
403 1285 469 1357 σόν
489 1291 528 1358 δέ
541 1310 601 1377 σφι
616 1286 767 1359 άπέθανε
782 1291 837 1358 καὶ
851 1291 993 1378 Μύρσος
1013 1286 1172 1378 όΓάγεω.
1196 1298 1257 1360 τοῦ
1272 1291 1310 1360 δὲ

174 1455 254 1506 τέων.
269 1483 303 1494 -
317 1454 359 1504 Ad
373 1443 419 1503 lut
431 1451 520 1503 πλεῦν
533 1445 669 1512 conavu
683 1455 718 1504 42
768 1455 864 1529 scripsi
879 1455 1040 1506 Brodovium
1055 1473 1116 1523 pag.
1131 1457 1182 1509 309
1197 1463 1308 1509 secutus

175 1527 268 1606 ibipne
280 1529 351 1574 nott.
369 1525 445 1605 'lpas
458 1524 545 1574 torma
556 1521 643 1574 πλεῦν
657 1524 718 1589 (pro
768 1523 923 1588 αρμέαται,
946 1542 1008 1576 cum
1024 1535 1198 1591 augmentum
1213 1529 1240 1578 in
1257 1527 1308 1578 hoe

176 1594 274 1660 πλεον)
288 1597 423 1658 reperitur
437 1609 544 1658 quoque
557 1594 595 1656 11,
610 1594 649 1642 19.
664 1595 716 1658 lll,
768 1594 850 1644 verbo
877 1593 951 1646 hand
978 1597 1131 1662 negligatur
1159 1597 1232 1662 apud
1254 1597 1308 1648 No-

176 1667 218 1718 52.
233 1666 285 1726 lx,
301 1667 343 1715 tl.
370 1664 413 1712 Tu
428 1663 484 1713 vid.
502 1664 534 1714 de
546 1661 588 1712 his
601 1663 716 1714 Bredov.
768 1669 864 1714 strum.

176 1749 239 1800 pag.
257 1735 317 1784 154.
803 1725 940 1802 ἐλόχησαν
954 1724 1007 1797 τὴν
1029 1726 1058 1782 έν
1077 1726 1201 1798 Πηδάσῳ
1224 1724 1306 1797 ὁδόν]

216 1799 362 1852 πεσόντων
384 1792 415 1849 δὲ
437 1797 493 1848 τῶν
514 1791 631 1850 πάντων
652 1800 719 1848 πολ·
769 1803 786 1850 1.
803 1819 826 1855 e.
841 1805 867 1852 iu
880 1805 920 1852 oia
934 1804 1309 1854 adPedosroucollocaruntin·

177 1870 244 1938 λῶν]
261 1872 330 1923 Olim
343 1869 426 1935 vulgo
437 1871 567 1921 omissum
581 1866 637 1918 suiv
649 1863 718 1919 πάν-

177 1957 242 1993 των.
277 1941 411 2007 Equidem
434 1956 495 1989 eum
521 1943 635 1991 recentt.
655 1939 716 1990 edd.

177 2013 351 2078 plurimorum
370 2008 448 2060 codd.
466 2010 658 2060 auctoritatem
677 2024 718 2058 se-

176 2089 255 2133 cutus
269 2097 337 2142 sum,
351 2079 485 2144 probante
497 2079 605 2140 Valck.‚
620 2079 667 2144 qui
678 2080 717 2128 ita

177 2153 201 2200 b.
210 2152 226 2200 l.
237 2153 446 2215 interpretatur:
464 2165 536 2211 „euru
545 2153 570 2200 iu
580 2155 718 2199 uniuersum

177 2225 243 2272 nielli
251 2223 400 2271 cecidissent
412 2220 435 2268 t'n
447 2222 557 2280 praelio,
575 2218 671 2269 Milesii
680 2226 718 2267 to·

177 2307 228 2342 men
251 2293 383 2340 proximam
402 2303 469 2350 prae
493 2293 601 2340 coeteris
622 2289 718 2338 cladem

177 2360 357 2423 acceperuut.“
383 2358 458 2408 Haec
471 2359 551 2420 enirn,
564 2359 587 2408 si
600 2357 665 2423 quid
679 2359 718 2406 vi-

178 2431 243 2493 deo,
258 2429 399 2493 scriptoris
412 2429 562 2478 sententia:
581 2430 668 2478 maltos
686 2443 721 2477 eu

178 2504 209 2550 iis
221 2499 349 2560 omnibus,
361 2498 407 2563 qui
423 2504 519 2546 contra
530 2499 628 2548 Persas
643 2513 720 2547 arma

178 2572 330 2645 cepissent,
344 2569 476 2628 cecirlisse,
492 2569 571 2616 itaut
582 2584 649 2618 voce
664 2564 720 2614 triv

179 2654 293 2687 παντων
303 2640 466 2689 coniunctae
478 2636 663 2702 intelligantur
674 2653 720 2687 co·

180 2709 240 2773 piue
257 2709 369 2769 Carum,
388 2706 557 2756 Milesiorum
576 2715 603 2756 et
617 2708 662 2772 qui
673 2706 720 2756 ho-

179 2795 237 2828 rum
251 2778 351 2829 tuerint
363 2777 440 2826 socii.
465 2776 506 2824 ‚td
517 2777 626 2827 verbum
638 2771 720 2842 ἐπλή-

179 2860 269 2912 γησαν
279 2845 374 2896 Vulck.
388 2843 535 2910 el'bucyd.
547 2846 598 2908 Ill,
611 2847 643 2898 18
656 2863 720 2897 con-

180 2918 233 2966 fert
248 2910 411 2980 πληγέντες,
432 2915 477 2964 ubi
491 2915 579 2965 Sobel.
596 2913 721 2979 μεγάλως

181 2979 361 3051 νικηθέντες·
380 2977 472 3048 πληγὴ
489 2977 541 3048 γάρ
555 2977 626 3034 κατὰ
640 2979 721 3034 πόλε-

179 3070 234 3122 μον
247 3050 294 3104 καλ
306 3050 418 3120 τραῦμα
430 3049 447 3119 ἡ
458 3050 558 3120 ἰσχυρὰ
572 3045 649 3119 ἧττα.

363 3225 428 3277 Cre.
448 3227 544 3278 CXXI.

214 3329 297 3382 τοῦτο
310 3324 341 3380 τό
357 3329 453 3394 ιριδμα
472 3320 611 3396 ἀνέλαβόν
630 3343 658 3378 τε
674 3325 721 3379 καλ

179 3393 389 3467 ἀνεμαχέσαντο
406 3395 435 3450 ολ
447 3400 550 3466 Κᾶρες]
564 3401 582 3448 i.
597 3416 620 3450 ε.
631 3408 721 3462 postea

179 3489 238 3523 vero
251 3473 297 3521 λοι
308 3477 396 3522 valnas
413 3471 446 3534 (a.
459 3470 530 3520 hauc
546 3469 661 3536 cladem)
679 3485 721 3518 re·

178 3551 307 3606 perorant
319 3549 492 3605 aurarumque
500 3541 590 3592 Cares.
604 3540 645 3590 De
654 3555 722 3590 voce

179 3609 276 3675 ιριὸμα
291 3611 362 3661 coni.
379 3617 449 3660 nott.
462 3609 497 3660 ad
511 3610 534 3670 1,
549 3610 587 3662 ld.
601 3609 720 3672 1v‚160.

766 1874 855 1922 aldius.
875 1872 963 1922 Verbo
976 1870 1062 1936 λοχιὶν
1073 1873 1307 1938 (insidiandum,

766 1941 895 2004 insidiari)
913 1943 1098 1992 accusativum
1112 1945 1212 1994 Noster
1226 1958 1310 2008 appo·

767 2013 824 2061 arsit
837 2011 891 2074 VI,
909 2011 966 2060 138.
978 2012 1010 2061 ³7
1025 2013 1084 2062 coll.
1099 2012 1142 2061 87.
1157 2039 1190 2049 -
1212 2006 1265 2076 τὴν
1278 2003 1309 2060 έν

769 2073 894 2144 Πηδάσῳ
919 2069 989 2128 ὁδδν
1007 2096 1077 2130 nunc
1097 2083 1200 2131 editum
1219 2097 1233 2131 e
1249 2082 1308 2131 Ste-

767 2147 850 2213 plran.
869 2150 897 2198 in
915 2164 1014 2212 magna
1041 2151 1168 2200 librorum
1186 2157 1308 2200 vetusto·

768 2233 826 2267 rum
848 2217 1043 2282 discrepantia.
1078 2221 1148 2271 Nam
1169 2221 1308 2270 Medieeus

768 2303 828 2338 cum
844 2287 904 2336 aliis
924 2283 954 2335 έν
973 2282 1114 2354 Πηδάσῳ,
1133 2289 1309 2338 Florentiuna

769 2349 929 2422 έμπιδάσῳ,
946 2356 1044 2406 Aldina
1055 2373 1114 2407 cum
1127 2357 1187 2406 aliis
1202 2351 1247 2406 ἐπὶ
1259 2351 1309 2405 δά-

769 2439 817 2493 σῳ,
833 2441 903 2476 unus
913 2425 981 2475 liber
990 2427 1130 2477 Parisinus
1139 2417 1185 2475 ἐπὶ
1197 2420 1308 2492 δαάσῳς

769 2498 797 2545 iu
810 2496 951 2546 Saneroiti
964 2496 1032 2546 libro
1046 2511 1077 2546 ac
1091 2496 1207 2548 Vindob.
1219 2500 1310 2546 exstat

770 2558 816 2614 έπλ
831 2565 966 2614 torosam.
992 2565 1084 2616 Valla:
1098 2569 1123 2615 in
1136 2569 1193 2628 oio,
1209 2581 1272 2630 ηιιαε
1285 2567 1309 2614 ia

770 2635 876 2702 Mylasa
886 2637 957 2696 [επις
973 2635 1044 2684 unde
1058 2635 1219 2700 Wesreling.
1238 2635 1311 2684 eruit

769 2697 814 2754 ἐπὶ
826 2705 861 2755 M
863 2698 1006 2754 νλάσοισιν
1035 2705 1124 2770 Magia
1135 2706 1237 2754 arridet
1248 2702 1311 2753 Val-

770 2775 892 2825 elrcnarii
904 2775 1065 2836 emendatio,
1078 2791 1149 2840 quae
1160 2777 1242 2825 etiam
1254 2775 1310 2834 pla-

771 2849 828 2896 cuit
845 2844 983 2895 Schultzio
1002 2844 1068 2910 (vid.
1088 2844 1158 2896 Kiel.
1180 2844 1308 2908 philolog.

771 2915 848 2966 stud.
866 2931 928 2980 pag.
945 2913 1019 2976 ibor:
1045 2909 1097 2977 την
1114 2930 1142 2962 εν
1164 2911 1311 2978 Πηδασεῦ-

772 2997 817 3033 σιν
836 2977 907 3033 όδδν
922 2985 1001 3050 (nisi,
1020 2985 1092 3050 quod
1115 2984 1184 3034 idem
1198 2987 1310 3049 profert,

770 3055 888 3104 scribere
911 3055 1001 3119 placer
1023 3051 1075 3118 τὴν
1100 3052 1145 3104 επλ
1167 3049 1312 3117 Πηδάσαν

770 3123 814 3174 vel
828 3123 983 3187 Πηδασέων
997 3115 1082 3186 ὁδὸν,
1096 3130 1173 3174 vium.
1191 3140 1255 3190 quoe
1265 3126 1311 3172 du·

771 3203 840 3244 cerel
850 3197 875 3244 in
885 3197 1009 3258 repionam
1022 3197 1198 3246 l'edoserrsium
1209 3194 1251 3244 vel
1261 3195 1311 3243 Pe·

771 3263 862 3327 dasa),
882 3279 942 3313 eum
960 3265 1031 3329 opud
1043 3266 1208 3314 Herodotum
1228 3264 1311 3324 urbis,

772 3337 816 3382 eui
841 3349 939 3384 nomeu
958 3335 1062 3382 Pedasa
1080 3349 1103 3384 s.
1121 3335 1261 3394 Perimam,
1283 3333 1311 3380 in

770 3403 1009 3452 Halicarnassensi
1027 3417 1094 3464 agro
1113 3402 1185 3452 baud
1203 3404 1283 3468 longa
1295 3416 1312 3450 s

773 3473 939 3523 Milesiorum
948 3471 1045 3521 linibus
1059 3473 1129 3522 sitae
1146 3471 1253 3523 incolae
1264 3487 1312 3522 vo-

773 3547 869 3592 centur
892 3537 1047 3604 Πεδασέες,
1072 3541 1098 3602 1,
1120 3541 1309 3602 175.v1,·20.

773 3610 857 3672 VIII,
880 3609 936 3660 104.
965 3610 1020 3664 107),
1060 3610 1102 3661 Cf.
1125 3611 1215 3664 Strab.
1234 3611 1311 3660 Xlll.

180 3683 270 3731 Verba
292 3671 503 3744 ἀναλαμβάνειν
528 3684 556 3728 et
582 3669 720 3744 άναμάχε-
774 3698 798 3746 p.
811 3679 1009 3741 lill‚Boeelrb:
1030 3679 1311 3730 Stastshaushalt.ll.

181 3749 249 3800 σθαι
267 3750 360 3801 codam
377 3750 456 3799 modo
475 3752 568 3800 iuncta
585 3751 722 3813 raperinn-
773 3767 798 3814 p.
812 3749 863 3798 720
883 3755 911 3800 et
928 3750 1000 3801 coni.
1014 3751 1222 3800 Weissenborn:
1246 3748 1312 3799 Hel·

180 3826 224 3871 tur
245 3826 358 3870 notante
379 3819 541 3884 wesseling.
564 3820 635 3884 apud
656 3821 723 3869 Dio·
773 3821 813 3870 las
826 3835 852 3883 p.
869 3820 925 3872 117.
945 3820 1006 3876 131,
1021 3821 1068 3884 qni
1084 3822 1179 3870 merito
1194 3820 1312 3879 dubitat,

180 3893 238 3940 dor.
253 3891 327 3953 XVI,
346 3891 376 3940 ltl
390 3895 417 3940 et
429 3889 559 3940 Herodot.
574 3890 656 3951 Vlll,
673 3889 722 3939 109
773 3905 835 3940 num
846 3895 924 3940 vetus
934 3889 1032 3940 haecce
1045 3891 1108 3940 urbs
1122 3891 1150 3939 in
1159 3890 1311 3939 recentiore

181 3959 243 4010 coll.
257 3959 319 4022 Vll,
328 3960 389 4020 231,
403 3959 450 4010 ubi
459 3975 542 4010 uuum
554 3963 645 4008 exstat
655 3952 723 4006 άνα-
772 3961 871 4024 oppido
882 3959 989 4010 Moulab
1001 3962 1096 4025 quaeri
1107 3960 1202 4024 possit,
1216 3963 1246 4008 ut
1256 3963 1311 4006 sta·

181 4022 348 4093 λιιμβάνεινι
372 4030 405 4080 de
424 4045 477 4094 quo
497 4029 579 4079 verbo
593 4027 722 4078 consulas
772 4031 826 4080 tuit
843 4029 959 4080 Fellows
980 4031 1073 4094 Lycia.
1096 4045 1159 4095 pag.
1180 4029 1232 4079 260
1250 4031 1309 4102 not·

182 4115 251 4164 quoe
265 4099 382 4150 diximus
395 4098 430 4148 ad
444 4097 582 4150 Plutarch.
595 4098 680 4149 Alcib.
695 4113 721 4162 p.
771 4100 857 4151 Addit
871 4099 969 4150 Valek.
991 4093 1041 4156 τάς
1060 4089 1089 4148 ἐν
1111 4094 1239 4148 Φωκεῦσι
1260 4110 1312 4143 πο-

184 4169 247 4229 ll·'t;
261 4170 293 4220 dc
303 4170 385 4220 verbo
394 4162 592 4233 ἀναμάχεσθαι
602 4167 637 4218 el.
646 4169 723 4231 Wyt-
774 4170 830 4226 lese
846 4185 878 4220 cx
891 4169 1067 4220 Demostbeu.
1080 4185 1107 4234 p.
1122 4168 1187 4220 210.
1202 4165 1266 4215 alia.

181 4239 351 4292 tarrbucb.ad
362 4237 652 4302 Platon.Pbacrlou.p.
664 4237 722 4289 ¹236.
815 4231 935 4300 Μάρσος
950 4231 965 4287 ὀ
979 4231 1088 4302 Γάγεισ]
1109 4237 1170 4287 Vid.
1185 4235 1238 4296 Ill,
1257 4237 1313 4286 12¹2.

180 4309 250 4360 Add.
266 4309 378 4360 Fischer·
391 4310 424 4360 ad
441 4309 549 4360 Wellar.
564 4308 614 4358 lll.
630 4323 655 4372 p.
675 4309 723 4358 164
774 4311 827 4360 Pro
841 4301 1012 4364 Molosside
1028 4309 1128 4358 rectius
1148 4306 1231 4356 scribi
1250 4305 1314 4356 Μν-

182 4380 215 4428 de
225 4380 253 4428 vi
266 4379 478 4443 praepositionis
491 4368 547 4426 άνιὶ
557 4379 585 4427 in
603 4377 654 4428 boe
664 4393 724 4428 ver·
773 4371 887 4442 λαοεδς,
910 4380 964 4428 iam
978 4392 1061 4443 supra
1078 4377 1152 4440 adl,
1167 4377 1212 4428 lll
1237 4381 1314 4427 noh-

181 4447 227 4502 bo.
240 4475 275 4484 -
297 4449 329 4498 ln
343 4461 419 4514 aaqq.
439 4463 487 4512 pro
505 4446 577 4513 vulg.
590 4439 723 4512 ὁρμέαται
774 4450 870 4501 vimus.
899 4449 979 4500 Hune
995 4463 1061 4500 vcro
1072 4448 1250 4514 Heraclidam,
1269 4447 1315 4514 qui
