3014 4968
133 267 137 274 ⁸
196 315 237 386 92
627 315 893 382 HERODOTI

195 523 252 576 νος
271 489 529 582 ὀνειροπόλοισι·
556 491 689 584 persidi
710 491 933 583 ἀπειπάμενος
947 491 1008 585 τὴν
1021 491 1102 576 ὄψιν
1121 501 1245 585 ἔπεμπε
1261 493 1385 586 trivallo

198 597 350 690 πομπὴν,
366 595 403 670 ἓν
417 603 458 689 τῇ
472 596 513 687 δὴ
526 603 671 690 τελευτᾷ.

149 707 189 768 57
277 709 322 773 01
334 704 370 772 dl
382 710 582 792 Γεφυραῖοι,
597 705 665 772 τοῖν
679 692 764 791 ἦσαν
777 707 811 772 oi
822 703 939 790 φονέες
954 707 988 770 oi
1000 696 1196 791 Ἱππάρχου,
1212 700 1255 784 ὡς
1268 705 1331 793 μὲν

200 905 284 973 [conf.
316 906 398 955 etiam
427 904 553 969 Aeschyl.
582 906 656 956 Pers.
685 903 734 954 221
787 904 834 956 sed
853 903 954 954 'l'bebis
973 918 1053 968 quam
1071 905 1187 956 maxime
1210 909 1247 958 sit
1268 923 1331 972 pro·

198 974 302 1042 seqql:
325 977 358 1026 sd
378 992 456 1040 quam
473 969 666 1036 ἀπειπάμενος
683 965 737 1038 τὴν
786 977 875 1040 prium
896 989 928 1024 ee
946 973 1100 1038 peculiare,
1123 979 1205 1041 atque
1221 993 1254 1027 ea
1269 978 1331 1042 ipsa

198 1039 268 1108 ὄψιν
279 1046 361 1097 etiarn
375 1047 510 1110 pertinere
526 1047 634 1110 opinor,
651 1059 736 1109 neque

198 1117 392 1179 adeospretum
409 1120 537 1176 visionem,
559 1115 605 1165 sed
621 1115 679 1164 eius
693 1129 737 1164 ex-

198 1188 347 1252 piationem
363 1191 390 1235 et
401 1175 637 1248 ἁποτροπιαομὸν
651 1184 735 1234 innui.

196 1257 258 1306 Vid.
267 1255 420 1305 Casanbon.
428 1255 461 1304 ad
473 1254 653 1320 Theophrast.
664 1251 735 1318 [pag.

200 1327 248 1376 184
262 1323 331 1389 seq]
354 1331 381 1376 et
396 1325 539 1389 Spanhem.
555 1326 581 1374 in
598 1322 735 1386 Aristopb.

197 1397 266 1446 Rau.
279 1395 372 1446 1379.“
389 1394 457 1444 Add.
465 1393 611 1444 Blomtield.
621 1397 647 1442 in
658 1393 736 1443 Glos-

197 1480 252 1516 ear.
263 1465 298 1514 ad
312 1463 436 1528 Aeschyli
451 1467 524 1514 Pers.
541 1465 598 1514 207.
620 1463 737 1526 Hippar-

197 1533 263 1584 ebus
282 1535 365 1599 igitur
383 1534 539 1598 expiatione
559 1532 622 1594 illa,
649 1532 735 1582 saeris

196 1601 255 1653 scil.
272 1603 471 1654 averruncandi
485 1601 548 1651 rnali
569 1601 735 1652 imminentis

196 1689 280 1724 causa
293 1673 375 1722 suetis
388 1671 566 1738 precibusque
581 1671 692 1732 additis,
707 1669 735 1720 id

197 1759 226 1794 se
246 1743 366 1792 effecisse
387 1741 561 1806 opinabatur,
585 1746 616 1791 ut
637 1740 736 1790 malurn

196 1813 300 1862 somnio
315 1813 464 1862 indicatum
482 1811 583 1861 nullam
603 1811 630 1860 in
648 1811 736 1875 ipsum

196 1882 309 1934 haberet
328 1883 382 1932 vim
404 1897 491 1946 neque
513 1881 660 1946 quidquam
679 1895 736 1928 am-

196 1953 266 2017 plius
289 1956 383 2002 eontra
405 1952 493 2016 ipsum
515 1951 621 2002 valeret
642 1949 737 2000 ullum-

196 2038 246 2086 que
257 2022 369 2070 haberet
382 2025 517 2072 eventum.
544 2021 641 2086 Itaque
652 2019 736 2070 verba

194 2083 387 2152 determinet-oe
404 2082 456 2153 τὴν
470 2079 541 2150 ὄψιν
557 2090 663 2140 vident:
684 2105 736 2138 cerm

195 2164 367 2212 renunciasset
384 2163 499 2212 somnium
515 2176 537 2213 s.
555 2175 607 2210 eum
621 2163 737 2211 soruuiuru

196 2230 252 2295 (vel
266 2232 355 2295 potius
371 2230 413 2294 id,
427 2230 497 2295 quod
511 2233 615 2280 somnio
627 2235 736 2296 porton-

195 2301 304 2352 derctur
313 2299 423 2361 malum)
435 2301 518 2350 saeris
527 2301 607 2362 sociis
615 2316 736 2352 auerrun-

194 2379 278 2422 casse!
289 2371 394 2435 indeque
404 2371 473 2421 adse
482 2372 530 2420 iuru
539 2370 599 2421 nihil
607 2373 736 2433 pertinere

787 1045 922 1094 hominum
940 1044 1029 1105 natio,
1050 1060 1120 1108 quae
1137 1051 1201 1096 ants
1215 1049 1330 1098 lloeoto-

788 1129 845 1163 rum
858 1114 1003 1164 udventum
1017 1113 1086 1164 hanc
1099 1119 1198 1164 terram
1210 1119 1331 1167 tenuerit

788 1182 925 1248 indigena,
933 1184 1002 1232 idenr
1011 1185 1170 1235 Cadurcorum
1180 1187 1272 1237 tulerit
1282 1203 1330 1238 uo-

788 1270 849 1302 men
862 1258 917 1302 tum
932 1253 1033 1304 insede
1046 1269 1096 1303 suu
1106 1256 1246 1319 primitive
1256 1258 1330 1308 arcis

788 1323 938 1384 Cadmeae,
962 1339 1030 1388 quae
1044 1325 1208 1388 vocabatur,
1228 1332 1285 1376 tum
1300 1328 1329 1377 in

787 1393 902 1443 coloniis
915 1391 985 1443 alias
998 1393 1024 1442 iu
1037 1398 1123 1444 terras
1136 1394 1198 1446 hinc
1212 1397 1329 1448 emissis.

786 1463 911 1528 Namque
930 1461 973 1512 vel
988 1467 1098 1526 postera
1117 1471 1208 1516 aetate
1222 1467 1329 1532 Spartie

786 1532 954 1596 Athenisque
966 1533 1053 1584 tribus
1067 1535 1151 1586 fuisse
1165 1537 1235 1586 idern
1251 1537 1330 1587 addit

786 1617 849 1652 vere
858 1601 1000 1664 Cadmeas,
1012 1605 1126 1668 Aspidas
1138 1611 1217 1672 atque
1228 1607 1330 1672 Gephy-

787 1687 876 1734 rueos,
890 1672 987 1736 quibus
998 1672 1176 1726 Athenienses
1189 1692 1268 1727 sacra
1278 1678 1329 1727 Ce-

787 1743 854 1790 reris
870 1741 1010 1802 Achaeae,
1030 1743 1063 1794 dc
1082 1746 1181 1809 quibus
1203 1747 1275 1796 inira
1293 1748 1327 1809 V,

786 1812 835 1872 61,
855 1811 1004 1862 debuerint.
1043 1814 1120 1875 Quae
1136 1817 1261 1878 speciosa
1281 1833 1328 1882 pu·

786 1882 843 1930 tius
861 1895 940 1945 quarn
955 1897 1019 1930 veru
1038 1883 1260 1944 deridebuntur,
1281 1888 1328 1952 qui

787 1951 838 2011 iis,
856 1964 924 2014 qrrne
941 1951 1101 2016 scriptorum
1119 1954 1171 2005 fide
1185 1957 1327 2022 dignorum

786 2020 951 2070 testimoniis
966 2021 1068 2072 tradita
1081 2026 1246 2089 accepimus,
1263 2025 1329 2076 eilb-

787 2092 902 2140 stituere
928 2089 1022 2142 nolent
1050 2095 1229 2145 recentiorum
1255 2113 1328 2146 com-

788 2164 879 2210 menta
890 2158 974 2210 firmis
992 2163 1143 2214 rationibus
1162 2170 1189 2214 et
1203 2169 1327 2216 veterum

788 2231 897 2280 testium
913 2232 1078 2283 auctoritate
1096 2234 1237 2285 destituta.
1272 2237 1327 2286 He·

787 2299 900 2352 rodotus
918 2302 1006 2362 euim,
1031 2303 1101 2367 quod
1120 2304 1274 2368 Gephyruei
1292 2324 1326 2356 ex

786 2371 895 2421 Eretria
914 2385 943 2420 se
960 2375 1034 2421 ortos
1055 2388 1114 2424 esee
1130 2375 1327 2438 praedicabant

194 2449 261 2492 esset
276 2449 355 2492 rurus.
393 2441 435 2490 De
455 2441 538 2490 verbo
557 2433 735 2488 ἀπείπασθαι

195 2511 250 2560 dixi
263 2511 298 2560 ad
309 2509 568 2561 Pietareuuusmin.
579 2512 602 2558 5.
615 2525 676 2572 pag.
686 2509 714 2556 ill
727 2525 734 2564 ς
786 2513 826 2556 tee
846 2508 1034 2574 Graecumque
1054 2529 1119 2585 prae
1144 2530 1173 2565 se
1191 2513 1324 2566 serentes:

195 2580 267 2630 coni.
281 2583 422 2644 praeterea
431 2580 552 2628 Koerner
563 2578 597 2626 ad
611 2575 732 2640 Euripid.
783 2577 875 2638 inquo
890 2577 948 2638 ipso
960 2579 1079 2633 Graecus
1088 2590 1182 2648 gentes
1195 2585 1248 2634 eibi
1259 2585 1326 2634 mul.

193 2646 374 2698 Andromach.
387 2647 429 2696 87.
441 2663 503 2709 paq.
515 2646 556 2694 211.
581 2646 678 2706 Ncgris
691 2659 732 2702 ea,
783 2649 840 2694 tum
855 2643 992 2708 placuisse
1004 2653 1141 2719 constat),
1156 2653 1197 2704 his
1212 2656 1326 2719 opponit

193 2731 272 2776 quam
290 2715 427 2772 dedimus,
450 2715 673 2775 interpretatione
692 2728 733 2761 re·
784 2728 832 2773 ea,
848 2729 918 2777 quae
930 2719 987 2780 ipse
998 2722 1084 2770 iterum
1096 2726 1231 2790 iterumque
1240 2728 1326 2775 scisci.

192 2783 265 2831 lecta
287 2784 328 2832 sio
348 2779 484 2841 explicare
505 2781 593 2830 locum
615 2779 731 2829 mavult:
783 2783 860 2831 tundo
876 2781 914 2843 (id
930 2788 1001 2837 enim
1014 2795 1057 2839 est
1070 2785 1324 2857 ἀναπυνθανόμε-

191 2841 230 2910 ριὴ
252 2845 411 2910 φροντίζων
434 2863 460 2896 τι
484 2846 569 2896 πλέον
592 2844 655 2907 περὶ
681 2844 733 2895 rori
783 2849 844 2915 νος)
856 2851 973 2905 invenit:
993 2875 1061 2923 quee
1072 2864 1136 2927 quin
1147 2881 1212 2914 vera
1224 2865 1324 2915 habue-

191 2907 344 2996 semron,
364 2916 473 2976 χαιόειν
493 2911 582 2966 εἰπών
600 2913 635 2983 τῇ
654 2907 731 2976 ὄψει,
782 2920 832 2983 rit,
855 2921 973 2974 dubitari
995 2935 1099 2994 nequit.
1128 2935 1226 2999 Itaque
1241 2936 1323 2984 etiam

191 2981 305 3050 ἆφίνων
317 3001 348 3064 tq
362 2979 487 3064 ὄνειρον.ι
513 2986 553 3036 Ad
567 2986 730 3036 locutionem
783 3007 829 3052 ea,
846 3006 916 3055 quae
928 2994 960 3044 de
974 2997 1078 3050 Punica
1090 3001 1269 3054 cadmeorum
1283 3007 1323 3053 in.

111 3095 113 3108 .
191 3053 295 3119 ἔπεμπε
317 3071 371 3118 την
392 3069 510 3135 πομπην
531 3056 731 3138 eoui.·'l'huop¹-
780 3061 867 3125 deque
886 3065 1323 3139 etiamlieplryrueorurnorigiue

189 3126 244 3178 did.
260 3127 311 3182 VI,
328 3127 361 3178 56
386 3125 444 3188 (ubi
463 3139 529 3182 τους
544 3141 596 3190 την
612 3140 731 3189 πομπην
781 3131 879 3194 trudit,
894 3135 934 3184 sio
946 3136 1018 3185 tradi
1031 3139 1131 3204 voluit,
1146 3147 1176 3192 ut
1189 3160 1236 3208 pro
1250 3145 1322 3195 veris

189 3189 367 3316 equeseques)
381 3196 471 3260 ibique
481 3197 730 3262 Poppol'lutarcb.
780 3201 960 3255 haberentur:
985 3223 1073 3273 neque
1096 3212 1220 3276 equidem
1238 3212 1322 3264 ullam

188 3267 270 3318 Poe.
304 3267 328 3315 7.

787 2439 969 2504 (peregrinam
983 2441 1065 2506 igitur
1077 2443 1187 2509 stirpem
1200 2446 1325 2496 reiieicn-

780 3269 859 3320 video
884 3289 994 3326 eausam
1017 3280 1133 3346 iustum,
1162 3299 1209 3332 eur
1233 3285 1321 3334 miuus

780 3355 845 3390 vera
860 3357 930 3393 nune
950 3345 1116 3410 habeantur,
1141 3353 1221 3403 ruodo
1238 3353 1321 3403 ollem

777 3411 915 3462 ueteribus
929 3417 1109 3481 scriptoribus
1125 3420 1205 3472 fidem
1219 3423 1321 3474 habeus

445 3541 457 3555 ,
564 3544 570 3556 ¹
668 3544 674 3556 ⁶
777 3495 864 3545 neque
877 3486 977 3535 temere
991 3490 1232 3556 convellas,quae
1243 3498 1320 3544 certa

223 3532 260 3588 Oi
275 3533 305 3587 dl
323 3539 493 3606 Γεφυραιοι]
512 3543 612 3608 dttrgit
627 3543 727 3594 Surdas
777 3551 939 3614 scriptorum
954 3557 1097 3620 proborum
1114 3561 1165 3610 fide
1179 3569 1319 3614 constant·

188 3627 248 3694 mv.
262 3607 388 3673 Γιφορ1ς
402 3612 434 3664 Τ.
446 3613 468 3664 1.
485 3628 510 3676 p.
522 3616 573 3663 1711
589 3617 616 3662 et
630 3615 728 3664 Aristi·
778 3621 1235 3684 Quaproptermalimabllerodoto
1245 3639 1320 3686 stare

188 3681 229 3731 dis
254 3679 338 3730 schol.
364 3696 427 3745 pag.
447 3681 477 3732 31
506 3682 549 3732 ed.
572 3683 726 3745 Frommel.,
780 3689 994 3759 Geplrprneosque
1009 3697 1174 3750 Phoenicum
1193 3703 1219 3751 in
1234 3704 1320 3753 Boeo·

188 3749 344 3817 quibuscum
355 3751 427 3832 conf.
436 3751 679 3815 Pseudoplutareh.
694 3753 727 3804 de
779 3761 844 3808 tiam
867 3763 1050 3822 inpressorum
1075 3776 1198 3834 posteros
1219 3771 1319 3824 babere

187 3817 316 3874 Herodot.
334 3819 443 3884 mnhgn.
463 3836 522 3885 pag.
537 3821 625 3872 8301“.
657 3823 727 3873 uiti·
779 3825 856 3893 quum
878 3833 986 3885 uliunde
1004 3838 1111 3889 eosdem
1130 3845 1268 3905 repetere,
1287 3847 1318 3893 ut

186 3893 226 3956 git
236 3889 514 3969 quoqueilerodoten,
525 3891 622 3955 quibus
631 3891 727 3942 Cadmi
777 3898 844 3948 feeit
860 3902 982 3954 Mueller.
1001 3905 1019 3956 l.
1038 3906 1068 3970 1.,
1089 3909 1124 3958 od
1146 3927 1224 3975 quern
1240 3927 1318 3963 acce-

185 3959 256 4008 illius
272 3973 349 4021 origo
361 3959 467 4010 Punica
486 3961 625 4024 arguitur,
648 3961 675 4011 G.
691 3964 723 4015 O.
778 3969 847 4018 dunt
863 3969 919 4022 fere
933 3973 1064 4026 (insenius
1077 3979 1157 4043 Liug.
1171 3980 1316 4034 Phoenice.

184 4027 307 4080 Mueller.
321 4027 445 4080 Orchom.
458 4047 519 4096 pag.
531 4032 579 4082 117
595 4047 661 4096 seq,
677 4033 725 4083 ubi
776 4039 895 4091 bionum.
916 4058 980 4108 pag.
1002 4046 1046 4096 111
1063 4063 1135 4111 seq,
1156 4051 1255 4100 hleier:
1275 4053 1316 4102 De

185 4113 288 4148 omnem
299 4103 481 4149 narrationem
493 4101 525 4150 de
533 4102 723 4154 CadmoPoouo
775 4109 929 4173 gentilitate
940 4129 1000 4178 pag.
1010 4116 1053 4176 31),
1064 4115 1121 4167 alii.
1146 4120 1240 4185 Neque
1250 4137 1316 4172 eune

183 4184 215 4218 ec
226 4168 258 4217 de
269 4167 431 4218 Phoenicum
444 4170 551 4220 colonia
561 4170 669 4222 Thebas
679 4173 723 4222 de·
775 4179 884 4230 obstare
897 4187 987 4246 putem
1002 4185 1087 4247 ipsum
1102 4191 1193 4251 gentis
1206 4205 1304 4242 nomen

184 4237 266 4288 ducta
282 4237 312 4320 iq
321 4239 461 4290 Boeotiam
475 4239 583 4290 dubiam
600 4241 723 4307 adeoque
775 4249 846 4313 quod
868 4253 992 4314 quumvis
1010 4255 1139 4308 Semiticu
1160 4259 1244 4324 stirpe
1267 4230 1315 4311 dus

182 4308 272 4360 fiotum
286 4307 373 4358 ruderi
388 4310 543 4373 contendit,
563 4327 624 4360 oum
637 4313 725 4364 Cadmi
773 4322 845 4369 ctum
865 4321 991 4372 videatur
1002 4325 1126 4392 Hitzigio
1145 4328 1315 4391 (Zeitsehrist

183 4393 279 4432 nomen
304 4377 412 4430 minime
436 4379 545 4431 aliunde
569 4381 721 4448 advectum,
773 4389 799 4441 d.
815 4389 1244 4472 deutschhlorgenhquellsch.
1262 4401 1311 4451 111.

373 3436 439 3487 Chr.
458 3437 544 3490 LVII.
