2994 4972
214 353 253 413 74
646 347 909 410 HERODOTI

212 525 308 614 capul
322 520 452 602 πάντες.
476 517 714 611 ἀπικνεόμενος
731 521 767 590 δὲ
783 524 816 602 ἐς
829 521 947 611 λόγους
960 516 978 590 ό
991 519 1234 610 Ἀρισταγόρης,
1249 527 1347 608 ἔλεγε

212 625 294 717 πρὸς
317 622 420 696 αὐτόν
433 623 528 694 τάδε·
551 624 754 714 Κλεόμενες,
775 623 927 715 σπονδὴν
940 625 1002 715 μὲν
1018 623 1079 714 τὴν
1093 623 1175 714 ἐμὴν
1189 622 1234 713 μὴ
1246 635 1343 692 θωυ-

211 730 317 821 μόσῃς
336 735 393 818 τῆς
420 733 569 799 ἐνθαῦτα
589 726 730 813 ἀπίξιος
756 727 796 798 τὰ
815 728 878 819 γὰρ
899 727 1083 818 κατήκοντιὶ
1103 731 1172 798 ἐστι
1194 730 1344 822 τοιαῦτα.

209 832 332 922 Ἰαόνων
352 825 473 912 παῖδας
488 831 628 912 δούλους
644 832 729 902 εἶναι
743 830 819 901 ἄντ’
836 837 1044 922 ἐλευθέρων,
1067 829 1197 912 ὄνειδος
1213 832 1270 900 καὶ
1283 829 1343 900 ἄλ-

211 963 268 1026 γος
289 940 445 1026 μέγιστον
465 936 527 1026 μὲν
540 933 670 1006 αὐτοῖσι
684 933 779 1026 ἡμῖν,
803 943 851 1006 ἔτι
874 935 910 1005 δὲ
924 941 992 1006 τῶν
1010 938 1138 1006 λοιπῶν
1151 931 1248 1024 ὑμῖν,
1272 932 1342 1026 ὅσῳ

211 1043 391 1129 προέστατε
412 1043 468 1128 τῆς
479 1036 641 1120 Ἑλλάδος.
665 1045 729 1108 νῦν
744 1031 791 1108 elo
806 1037 887 1128 πρὸς
899 1045 993 1109 θεῶν
1006 1036 1265 1127 τῶνἙλληνιόιν
1280 1036 1341 1127 δυ’-

210 1155 317 1214 σασθε
331 1139 449 1223 Ἴωνας
470 1147 506 1214 ἐκ
521 1142 741 1232 δουλοσύνης,
755 1140 881 1234 ἄνδρας
895 1139 1084 1234 ὁμαίμονας.
1112 1138 1288 1221 Εὐπετέως
1302 1139 1341 1210 δὲ

209 1345 301 1396 Laiirt
312 1344 350 1408 II,
359 1343 397 1409 2),
410 1343 450 1394 ita
464 1348 494 1394 ut
503 1343 661 1394 Hecataeus
674 1359 743 1408 mep-

209 1430 270 1479 pam
288 1415 341 1464 iam
354 1415 491 1465 inventam
507 1412 602 1464 melius
618 1414 749 1465 excoluis-

209 1499 239 1534 se
259 1499 291 1534 ac
311 1483 456 1548 perfecisse
477 1482 600 1546 adeoque
615 1498 747 1534 commen·

208 1553 288 1602 tariis
301 1553 411 1616 scriptis
429 1551 593 1602 illustratam
608 1553 636 1602 in
648 1553 746 1619 vulgus

207 1621 325 1672 edidisse
340 1621 476 1674 videatur.
510 1619 587 1672 Cous.
605 1622 745 1673 Mannert:

207 1689 361 1754 Geograpb.
376 1691 398 1739 1.
422 1705 483 1756 pag.
504 1691 536 1741 10
555 1707 609 1758 seq.
625 1696 653 1742 et
665 1693 745 1744 Gros-

206 1759 321 1810 burdin
340 1759 488 1810 vernacula
500 1760 643 1812 Strabonis
663 1763 745 1812 inter-

206 1833 306 1894 pretat.
319 1843 382 1893 pag.
394 1829 420 1881 e.
444 1830 576 1894 Perquem
590 1831 674 1894 igitur
686 1849 747 1897 pro·

205 1898 295 1950 babile
308 1902 357 1961 est,
371 1898 442 1962 quod
452 1900 528 1964 ponit
540 1900 702 1952 Dahlmann.
718 1917 743 1967 p.

207 1967 463 2029 llt,aeneambanc
472 1968 592 2020 tabulam
601 1971 745 2022 abdrista·

204 2052 271 2102 gora
287 2037 413 2102 Spartam
433 2038 544 2089 allatam
565 2040 618 2089 nIsi
635 2041 745 2105 abipso

203 2109 343 2158 Hecataeo
365 2107 518 2159 conlectam
536 2109 691 2173 credemus,
711 2111 744 2161 ad

203 2177 262 2228 eius
269 2183 343 2228 certe
349 2179 479 2243 rationes,
489 2177 524 2229 ad
531 2183 659 2243 systema,
670 2181 742 2246 quod

201 2245 284 2312 vulgo
299 2253 415 2308 vocant,
431 2248 642 2314 geographioum
658 2251 743 2301 fuisse

203 2317 371 2369 adornatam.
389 2319 431 2370 Tu
443 2319 515 2370 coni.
528 2319 628 2370 Ubert:
642 2320 740 2386 (iacgr.

201 2387 223 2436 Ι.
237 2387 260 2437 1.
276 2401 302 2450 p.
317 2387 359 2438 70.
374 2388 397 2448 Ι,
411 2389 437 2450 2,
453 2405 480 2454 p.
498 2389 547 2439 170
560 2395 587 2440 et
602 2391 647 2455 qui
663 2391 741 2455 plura

200 2457 233 2506 de
253 2456 408 2508 huiusmodi
429 2458 531 2508 tabulis
551 2459 741 2525 geographicis

200 2541 261 2577 oum
274 2527 303 2575 iu
319 2527 489 2590 universum,
505 2533 562 2577 tum
577 2545 641 2579 vero
657 2531 739 2580 etiarn

200 2596 233 2646 de
245 2596 296 2646 hae
311 2597 445 2646 Hecataei
460 2612 530 2662 quae
545 2597 631 2647 fertur
644 2598 739 2650 tabula

199 2665 523 2728 disseruitReinganum:
537 2665 700 2718 Geschichte
711 2667 737 2721 d.

197 2732 264 2781 Erd-
275 2747 302 2780 ιι.
314 2733 596 2796 Liinder-Abbildung.
612 2741 664 2789 ete.
675 2737 698 2789 1.
711 2753 737 2801 p.

200 2799 249 2850 110
262 2814 318 2862 aeq.
337 2801 378 2849 De
388 2801 586 2851 Anaximandri
597 2810 679 2870 atque
690 2806 739 2855 Ar-

197 2867 327 2918 chimedis
350 2869 437 2932 globis
460 2870 625 2924 coelestibus
646 2875 738 2939 dispu-

196 2943 270 2988 tasse
279 2937 738 3006 ferturSehielr.inProgranuuate,

196 3005 267 3072 quod
281 3005 381 3071 prodiit
394 3009 502 3058 Hsnor.
517 3009 629 3063 18414.
658 3013 736 3075 Quod

86 3107 88 3112 ,
195 3075 231 3125 ad
260 3076 364 3126 inventi
389 3078 582 3144 antiquitatem
607 3083 736 3148 pertinet,

195 3145 298 3195 Rennel
322 3161 384 3211 pag.
409 3149 460 3198 518
482 3149 580 3213 affert,
609 3152 638 3202 iu
658 3153 737 3204 India

196 3229 303 3280 quoque
315 3221 449 3280 repertam
469 3234 529 3270 esse
548 3221 676 3272 laminam
691 3238 734 3272 ae-

194 3299 288 3346 neam,
305 3285 334 3334 in
351 3301 404 3350 qua
419 3288 516 3339 similia
538 3295 670 3343 terrarum
691 3293 736 3343 de-

193 3353 306 3417 scriptio
319 3354 402 3405 fuerit
416 3365 634 3427 repraesentata,
645 3362 734 3415 lilerie

193 3422 307 3473 adiectis
324 3424 518 3478 Senseritanae
534 3429 652 3496 linguae.
681 3433 734 3483 Sed

193 3507 252 3543 erun
265 3491 393 3544 laminam
410 3496 446 3546 ad
460 3497 561 3550 Christi
573 3501 681 3554 natales
694 3517 734 3552 re-

192 3562 293 3612 ferunt.
307 3587 342 3600 ·-
355 3563 475 3640 In'seqq.
487 3565 643 3635 θαυμάσῃς
655 3587 733 3637 repo-

191 3631 234 3752 llll
248 3631 457 3753 qrg9llwt²⁰⁰ua
471 3641 502 3686 ut
515 3655 627 3704 semper.
653 3641 733 3693 Conl.

225 3761 259 3820 sol
279 3761 332 3834 γὰρ
351 3764 511 3836 κατήκοντολ
526 3765 583 3824 ἔστι
599 3777 732 3844 τοιαῦτα]

191 3839 236 3890 lta
255 3855 315 3891 cum
337 3846 452 3894 recenti.
471 3843 530 3897 edd.
553 3845 661 3898 exhibui
681 3863 731 3913 pro

189 3907 262 3976 vulg.
277 3901 311 3958 τοὶ
326 3902 485 3974 κατήκοντα
499 3905 550 3977 γάρ
568 3907 624 3964 ἐστι
634 3915 731 3966 τοιαῦ-

798 1359 907 1396 sensns:
925 1343 989 1394 Sunt
1002 1345 1064 1394 enim
1075 1342 1138 1394 hoec
1146 1341 1213 1405 sere,
1227 1356 1292 1406 quae
1302 1355 1341 1390 me

798 1422 914 1480 urgeant,
929 1422 955 1464 ut
968 1423 992 1464 te
1006 1414 1095 1464 adeam
1107 1427 1208 1463 neeesse
1218 1413 1251 1461 eit
1263 1425 1284 1459 s.
1298 1409 1339 1460 iric

798 1488 859 1534 enim
865 1485 924 1547 sere
933 1492 972 1534 eet
980 1499 1062 1534 remen
1070 1483 1238 1547 praesentiam
1246 1488 1339 1530 status.

796 1539 1340 1614 —Inlocutione'Ie'vmvnoidoopro'lor·

797 1638 848 1680 νας
859 1623 969 1674 honoris
982 1622 1086 1688 aliquid
1103 1622 1194 1671 inesse
1208 1619 1337 1669 observat

795 1692 989 1744 Waobsrnnth:
1018 1691 1124 1743 Hellen.
1140 1687 1337 1740 Alterthnrnslr.

797 1763 858 1824 1,1.
877 1779 941 1828 pag.
956 1762 1016 1814 321.
1050 1763 1093 1812 Tu
1110 1759 1181 1810 conf.
1197 1757 1298 1808 Herod.
1311 1757 1336 1820 1,

796 1834 830 1883 27
847 1832 938 1898 ibique
953 1831 1044 1882 laudd.
1059 1832 1098 1894 V,
1112 1832 1154 1881 77.
1182 1827 1244 1878 Alia
1255 1827 1337 1878 affert

796 1901 936 1952 Blomiield
959 1902 987 1950 in
1005 1901 1126 1952 Glossar.
1152 1898 1187 1949 ad
1208 1896 1336 1962 Aeschyli

795 1972 870 2022 Pers.
885 1971 951 2034 408,
964 1972 1077 2021 nechao
1090 1969 1150 2020 loco
1163 1967 1337 2034 praetermis·

796 2057 835 2092 so¹
858 2040 927 2091 Aliis
939 2041 1007 2090 loeIs
1022 2041 1090 2092 satis
1102 2043 1212 2090 constat
1223 2037 1278 2087 ‘hac
1288 2052 1336 2101 pe·

793 2110 911 2176 ripbrasi
928 2110 1045 2161 indicari
1059 2109 1178 2161 scholam
1199 2107 1336 2173 quandam

795 2196 816 2230 s.
841 2179 987 2242 lqmiliam,
1011 2185 1042 2229 nt
1057 2179 1162 2230 monuit
1178 2179 1333 2242 Boettiger:

793 2249 877 2300 Ideen
895 2266 919 2301 τ.
934 2249 1113 2316 Archaeolog.
1139 2247 1166 2298 d.
1181 2247 1294 2298 Malerei
1305 2263 1332 2313 p.

841 2378 896 2456 ὅσῳ
926 2380 1077 2452 προέστατε
1104 2381 1155 2450 τῆς
1177 2376 1330 2451 Ἑλλάδος]

792 2453 957 2519 repoenitere
989 2473 1022 2509 er
1047 2472 1102 2507 una
1118 2453 1218 2506 Aldina
1240 2455 1331 2516 fluxit;

790 2528 888 2592 reliqui
908 2527 971 2577 libri
989 2525 1153 2591 προέστατε,
1174 2526 1247 2591 quod
1264 2526 1331 2575 Din-

790 2595 869 2647 dorfli
885 2597 1077 2660 (commentat.
1100 2597 1132 2646 dc
1148 2595 1212 2644 dial.
1228 2595 1330 2645 Herod.

788 2682 814 2730 p.
830 2667 986 2731 XXXVIII)
1006 2673 1032 2716 et
1050 2665 1177 2717 Bredovii
1200 2663 1243 2729 (p.
1262 2663 1330 2730 398)

789 2737 866 2786 iussn
876 2737 1011 2798 revocavi,
1021 2735 1086 2787 lieet
1095 2730 1260 2797 προεστέατε
1271 2739 1330 2786 tne-

789 2803 1327 2856 aturButtmann.inGramm.(iraec.II.

787 2890 815 2939 p.
830 2877 874 2926 211.
898 2877 963 2941 ipsa
973 2875 1026 2926 looi
1039 2874 1175 2926 sententia
1190 2873 1258 2925 baec
1272 2879 1329 2926 est:
1350 2919 1352 2926 ,

788 2945 861 3006 Quod
872 2945 948 2996 Ioues
960 2947 985 2994 iu
999 2949 1139 2995 servitutem
1150 2944 1250 2994 redacti
1260 2953 1327 3004 erent,

787 3014 858 3065 nobie
874 3017 970 3080 quidem
989 3015 1052 3080 ipsis
1066 3017 1195 3064 maximam
1213 3021 1250 3064 est
1266 3029 1328 3076 pro-

786 3085 856 3134 brum
865 3101 896 3135 ae
905 3088 987 3146 dolor,
998 3101 1079 3134 verum
1089 3085 1163 3134 etiam
1170 3091 1278 3144 praeter
1286 3099 1327 3133 ce-

786 3162 855 3204 teros
867 3156 977 3204 Graecos
987 3153 1064 3212 vobis,
1079 3169 1126 3218 quo
1138 3154 1216 3217 magis
1230 3169 1273 3203 uos
1284 3169 1327 3204 re-

785 3226 868 3289 liquae
885 3225 1010 3275 Graeciae
1032 3225 1167 3286 praeestis.
1204 3221 1327 3287 Apparet

785 3298 875 3343 autem
889 3292 972 3344 erbis
984 3292 1083 3356 verbis,
1094 3291 1251 3357 quibuscum
1263 3309 1328 3343 con·

784 3362 920 3425 ferantur,
942 3378 1011 3427 quae
1031 3376 1115 3426 supra
1129 3361 1156 3425 1,
1175 3361 1211 3412 69
1228 3353 1327 3427 (ὑμέας

785 3423 837 3496 γὰρ
867 3427 1054 3496 πυνθάνομαι
1082 3423 1253 3495 προεστάναι
1275 3431 1326 3496 τῆς

778 3493 930 3566 Ἑλλάδος)
955 3502 1100 3566 leguntur,
1131 3497 1180 3550 illo
1204 3506 1325 3567 tempore

783 3563 938 3635 ἠγεμονίαν
967 3587 1050 3638 penes
1081 3570 1230 3635 Spartanos
1269 3573 1323 3622 iam

784 3641 885 3700 tuisse,
909 3656 976 3706 quos
995 3645 1026 3691 ut
1048 3641 1111 3691 olim
1131 3637 1259 3702 Croesus,
1283 3643 1324 3692 ita

784 3726 855 3760 nunc
882 3711 1057 3776 Aristagoras
1087 3723 1146 3759 eam
1172 3709 1260 3773 ipsarn
1288 3712 1322 3761 ob

784 3795 895 3831 oausam
911 3782 1011 3845 primos
1033 3779 1107 3841 adit,
1126 3793 1204 3842 opem
1222 3780 1322 3842 petitu-

781 3865 835 3900 rus.
864 3849 942 3899 (Ioni.
959 3851 989 3901 C.
1002 3851 1033 3901 F.
1047 3849 1200 3899 Hermann:
1214 3848 1321 3902 Grieob.

782 3919 984 3969 Staatsaltcrlh.
1007 3921 1031 3982 ξ.
1053 3919 1095 3968 32.
1117 3941 1152 3954 -
1175 3919 1239 3968 Mox
1261 3935 1321 3970 oum

189 3994 232 4029 τα.
262 3980 303 4030 λδ
318 3979 371 4031 1οοὶ
386 3985 550 4061 sententIsm
564 3983 632 4036 bene
646 4002 731 4036 anno·
781 3993 884 4039 recent.
906 3989 983 4040 editt.
1005 3988 1082 4039 omisi
1104 3987 1247 4038 articulum
1271 3986 1321 4052 τῆς

190 4055 231 4099 tat
242 4049 464 4132 lyesselingq'su
477 4066 636 4117 κατηκοντα
655 4071 677 4106 s.
694 4047 730 4104 τό
780 4063 843 4110 ante
856 4051 1121 4126 dovioou'vqcvulgo
1129 4057 1261 4107 additum.
1277 4059 1319 4109 (is.

190 4133 351 4184 sorqsovta
362 4122 730 4190 πρηγματατετδίοίιινρειι-
780 4127 891 4190 ΙΧ,89.
917 4127 948 4177 In
963 4127 1083 4193 proxime
1099 4141 1173 4192 seqq.
1190 4127 1320 4178 librorum

192 4198 231 4238 tes
247 4204 280 4239 so
292 4199 450 4251 praesentes,
462 4195 493 4242 ut
504 4191 534 4254 I,
547 4193 588 4244 97.
606 4193 654 4258 lv,
669 4195 727 4246 136.
778 4201 947 4249 vetustorum
958 4199 1150 4248 auctoritatem
1160 4197 1322 4249 secutusde·

187 4257 270 4318 VIII,
286 4259 326 4308 19.
360 4261 402 4310 Τιι
424 4261 487 4311 add.
505 4261 646 4322 VI11.40.
667 4265 727 4318 102.
780 4267 820 4317 di:
847 4257 983 4324 εὐπετέως
1007 4259 1039 4315 dl
1058 4259 1127 4330 ὑμῖν
1149 4264 1237 4316 ταῦτα
1262 4261 1320 4317 οἷό

190 4323 291 4387 Attigit
305 4343 413 4393 quoque
429 4329 544 4381 Siebelis
558 4332 593 4383 ad
610 4335 730 4388 Pansan.
780 4349 814 4384 τε
831 4333 977 4402 χωρέειν
1000 4326 1084 4386 ἐστι.
1113 4335 1216 4401 Vulgo:
1235 4333 1319 4402 χωρέ-

189 4393 212 4458 1,
225 4393 251 4444 5.
266 4392 289 4460 θ.
304 4398 329 4446 4.
346 4399 549 4464 pti-Unde
561 4400 607 4455 hio
619 4407 729 4458 exsistit
780 4419 824 4458 ειν
847 4399 896 4456 olei
920 4419 948 4456 τε
970 4395 1036 4459 ἐστι.
1067 4405 1141 4456 Voce
1163 4408 1265 4472 perpete
1285 4407 1318 4459 de
