3010 4966
201 331 261 396 158

628 327 894 401 HERODO'PI

199 527 263 575 σαν
283 501 348 573 ἀπὸ
369 507 436 572 τοῖν
454 499 685 591 Ἐπιδαυρίων.
722 499 779 572 ἅτε
801 502 838 572 δὲ
858 501 967 582 ἐόντες
987 499 1143 590 διάφοροι
1157 501 1332 588 ἐδηλέοντο

198 607 320 688 αὐτοὺς
328 651 342 695 ‚·
353 605 436 675 ὥστε
451 604 491 694 δὴ
504 605 814 696 θαλασσοκράτορες
828 605 953 686 ἐόντες·
980 607 1036 674 καὶ
1051 601 1091 693 δὴ
1108 605 1163 674 καὶ
1177 603 1217 673 τὰ
1230 601 1332 692 ἀγάλ-

151 699 154 708 ·
199 741 285 804 ματα
298 717 402 780 ταῦτα
424 715 480 798 τῆς
502 738 536 779 τε
553 719 683 798 Δαμίης
701 713 758 780 καὶ
776 715 834 797 τῆς
848 708 1014 798 Αὐξησίης
1033 705 1250 796 ὑπαιρέονται
1271 705 1332 776 αὐ-

199 822 285 904 τῶν,
300 824 358 884 καί
369 837 456 902 σφεα
467 813 661 902 ἐκομίσαντο
675 842 710 884 τε
724 817 779 884 καὶ
790 814 968 904 ἱδρύσαντο
982 818 1038 901 της
1051 816 1212 900 σφετέρης
1226 811 1333 900 χώρης

201 924 233 1000 ἐς
247 918 308 1008 τὴν
321 917 521 1009 μεσόγαιαν,
543 923 584 1008 τῇ
600 927 664 1006 01η
678 921 740 1008 μέν
755 923 823 988 ἐστι
837 915 981 1008 οὕνομα,
1002 915 1120 986 στάδια
1142 918 1179 986 δὲ
1193 914 1333 1005 μάλιστά

200 1121 259 1170 dem
273 1135 332 1170 oum
342 1125 457 1170 reneutt.
472 1118 532 1171 edd.
547 1121 674 1170 revocavi
683 1118 741 1170 vul-

201 1197 309 1256 gatum,
326 1205 396 1254 queo
408 1190 546 1240 Senerofti
565 1189 635 1240 libro
652 1189 741 1239 lirine-

201 1267 245 1310 tur
265 1267 291 1310 et
310 1260 444 1310 Herodoti
464 1274 514 1310 usu
535 1259 602 1323 (vid.
622 1261 739 1308 Bredov.

200 1346 227 1396 p.
244 1328 306 1394 288)
321 1329 461 1394 probatur.

235 1389 304 1448 ὥστε
315 1393 351 1462 δὴ
361 1389 626 1460 θαλασσοκράτορες
635 1387 739 1460 ἐόντες]

200 1470 242 1519 Ad
256 1484 334 1518 usum
347 1466 499 1532 particulae
517 1459 553 1531 δὴ
571 1467 643 1518 conf.
656 1468 692 1526 V,
707 1469 740 1517 72

200 1539 293 1602 ibique
307 1537 403 1593 ullate3
423 1537 493 1600 quod
507 1537 541 1584 sd
555 1535 740 1601 argumentum

201 1609 315 1667 attinet,
333 1606 405 1656 oonf.
419 1607 470 1667 lll,
482 1605 516 1656 59
527 1605 619 1670 ibique
631 1611 699 1657 nott.
714 1610 741 1656 et

200 1677 257 1736 111,
275 1677 323 1725 122
341 1675 432 1740 ibique
444 1679 513 1725 nott.
550 1677 590 1724 Ao
604 1676 741 1726 recensuit

201 1745 229 1794 C.
240 1747 270 1794 O.
282 1743 404 1797 Mueller.
420 1745 556 1809 Aeginott.
569 1760 631 1808 pag.
641 1746 673 1794 87
687 1748 742 1795 siu·

200 1815 264 1878 gula
284 1815 455 1874 testimonie,
480 1813 577 1879 quibus
601 1815 655 1863 ism
678 1814 741 1864 inde

200 1885 234 1933 nb
246 1885 356 1933 Homeri
368 1888 460 1933 eetute
477 1883 591 1932 novibus
607 1884 740 1948 insignem

200 1954 285 2004 luisse
298 1955 419 2018 Arpinum
437 1952 553 2003 insulam
566 1952 739 2018 intelligitur;

200 2024 277 2072 ouius
291 2039 355 2087 opes
371 2022 484 2072 noveles
504 2021 566 2072 inde
580 2023 613 2072 nb
629 2040 660 2073 eo
674 2029 741 2073 tem-

199 2107 263 2157 pore
277 2093 482 2154 increverunt,
498 2099 529 2142 ut
541 2093 584 2142 vel
598 2095 680 2142 meris
692 2095 740 2142 im·

201 2163 303 2226 perium
324 2177 371 2225 per
389 2161 500 2225 aliquod
525 2167 598 2212 uerte
622 2167 739 2228 tempus,

199 2233 299 2296 viginti
314 2248 361 2295 per
379 2247 479 2294 annos,
504 2231 539 2280 ud
557 2236 663 2282 sertum
683 2235 738 2283 lere

199 2317 298 2350 sunum
317 2316 401 2366 usque
422 2301 672 2351 snteSulaminium
693 2318 740 2365 pu·

199 2387 279 2434 gnum
293 2375 407 2423 teneret.
431 2372 473 2420 Tu
484 2372 557 2420 conl.
568 2372 738 2435 potissimum

199 2442 316 2491 l‘uusun.
330 2441 368 2501 11,
380 2439 423 2492 29.
436 2443 459 2502 ς.
472 2443 497 2490 5.
516 2441 607 2491 Strab.
622 2441 696 2490 Vlll.
710 2457 736 2505 p.

199 2512 249 2561 375
264 2527 286 2560 s.
304 2511 393 2562 nude.
422 2509 485 2558 Mox
499 2526 559 2560 oum
570 2509 658 2561 Gsisl.
674 2510 737 2560 dedi

197 2571 382 2642 ὑπαιρέονται
404 2571 519 2626 αὐτῶν
544 2595 592 2643 pro
616 2571 664 2629 δτι.
685 2571 737 2626 αν-

198 2643 278 2697 τέων.
309 2648 431 2697 (lenistri
450 2651 567 2697 usumin
587 2647 628 2698 lris
643 2649 736 2712 attigit

198 2718 248 2765 Tb.
266 2715 385 2766 Melina:
410 2715 452 2764 De
475 2716 588 2768 diction.
605 2717 734 2779 Polynen.

198 2801 261 2848 pag.
275 2787 322 2846 30,
344 2791 373 2833 tu
385 2784 458 2833 conl.
471 2787 553 2834 etiem
568 2801 650 2849 supra
664 2791 732 2837 nott.

197 2853 233 2902 ud
246 2855 282 2916 V,
296 2853 338 2902 91.
373 2853 405 2901 ln
422 2857 543 2916 proxime
559 2857 734 2918 sequentibus

197 2923 295 2986 scripsi
313 2914 481 2984 ἐκομίσαντό
493 2935 521 2970 τε
536 2918 582 2970 καὶ
599 2919 734 2984 [doriens-

197 3005 244 3052 το,
265 2999 295 3040 ut
309 2991 409 3040 Aldina
432 2991 541 3041 exhibet
559 2998 586 3042 ot
604 2994 738 3045 Florenti-

197 3075 247 3110 nns
258 3060 340 3122 liber,
354 3060 507 3122 lllediceus,
524 3061 585 3123 olii,
600 3066 652 3113 nisi
665 3067 735 3130 quod

197 3130 223 3178 hi
239 3129 301 3179 libri
317 3130 446 3178 omittunt
465 3131 589 3182 vooulum
603 3148 639 3182 τε.
673 3135 738 3185 Vul-

197 3204 288 3259 ustam
311 3199 453 3249 lectionem
478 3192 613 3264 ἐκόμισάν
636 3217 664 3252 τε
688 3201 735 3255 καὶ

197 3261 350 3332 ι’δριὶσαιτο
368 3270 536 3320 retinuerunt
552 3271 690 3324 Schaefer.
708 3282 735 3324 et

195 3338 331 3389 Matthiae
355 3343 382 3388 et
407 3344 519 3392 reeentt.
541 3342 601 3392 edd.
622 3345 734 3410 ipseque

196 3407 416 3474 Solrweiglrueus.
442 3416 549 3460 mutare
572 3428 655 3464 susus
680 3430 733 3464 non

196 3485 251 3542 ost,
268 3493 431 3544 quemquam
445 3487 541 3543 postes
558 3481 585 3531 ln
601 3483 668 3535 Lex.
681 3484 734 3534 He·

195 3550 306 3598 rodoteo
318 3547 430 3599 alterum
443 3549 581 3613 praetulit,
599 3569 658 3602 eum
674 3571 734 3604 suos

193 3621 218 3667 in
237 3622 302 3682 fines
325 3621 501 3669 trorrstolem'rrt
519 3622 583 3671 istor
603 3625 730 3686 ι’νιομίοτι.

194 3689 236 3738 Tu
250 3689 304 3738 vid.
321 3691 353 3753 V,
367 3690 410 3739 85.
423 3689 464 3738 98.
477 3689 525 3740 111
539 3689 599 3741 noll.
612 3692 676 3754 Vll,
688 3692 731 3743 59.

223 3825 262 3891 τῇ
275 3823 332 3889 Οἴη
353 3826 404 3888 μέν
418 3817 472 3874 ἔστι
487 3813 607 3890 οὕνομα]
631 3828 731 3894 strigis

192 3896 260 3946 lmen
275 3895 396 3948 Mueller.
416 3893 432 3942 l.
451 3895 468 3947 1,
491 3911 552 3959 pag.
572 3897 588 3944 8
609 3896 731 3964 (leuisque

154 4007 160 4018 .
192 3967 261 4016 dixit
283 3963 371 4014 locum
396 3969 506 4013 vetusta
530 3965 662 4030 religione
690 3985 732 4018 su-

191 4051 264 4085 orum
276 4039 303 4084 et
315 4037 374 4098 ipse
384 4035 501 4083 fortusse
512 4035 577 4084 urbe
585 4035 730 4104 (Aeginae)

193 4105 388 4168 antiquiorem,
413 4103 518 4167 insulse
538 4103 729 4166 meditullium:

84 4225 87 4232 ,
192 4175 277 4236 ipsum
292 4189 356 4222 vero
370 4187 462 4224 vocem
479 4173 513 4223 ab
528 4173 595 4234 Oea,
615 4176 731 4226 Pandio-

191 4241 262 4290 nidis
281 4243 367 4292 tribus
393 4258 464 4307 pugo
488 4245 516 4292 in
539 4249 611 4294 tet-rs
627 4245 728 4309 Attice,

194 4311 340 4360 manifesto
357 4313 502 4376 repetitum
523 4312 591 4363 vult:
616 4319 648 4364 ut
664 4331 730 4367 sene

190 4379 396 4444 antiquissimus
411 4381 587 4448 Pelasgorum
606 4384 730 4438 coloniae

792 1121 820 1168 iu
835 1119 966 1185 Aeginam
984 1133 1017 1168 ex
1029 1117 1123 1168 Attice
1141 1116 1274 1167 deductae
1287 1131 1332 1168 ve·

792 1189 877 1253 stigin
886 1206 918 1240 eo
931 1189 1066 1239 contineri
1077 1185 1216 1252 probabile
1228 1187 1274 1239 sit.
1296 1186 1333 1236 At

791 1259 948 1309 meditullium
969 1261 1068 1308 insulae
1084 1258 1170 1308 totius
1192 1258 1264 1321 quod
1286 1255 1332 1305 ille

792 1331 905 1380 vocavit
918 1327 993 1377 Oeam
1015 1327 1060 1392 (ob
1076 1327 1223 1389 Herodoti,
1240 1325 1331 1386 credo,

791 1399 889 1448 verbs:
915 1395 965 1461 τῆς
981 1392 1116 1461 σφετέρης
1132 1389 1224 1460 χώρης
1237 1387 1264 1452 ἐς
1278 1388 1331 1457 τὴν

791 1460 943 1530 μεσόγαιαν
956 1482 981 1517 κ.
998 1483 1022 1515 τ.
1036 1465 1072 1530 l..)
1082 1467 1096 1528 ,'
1106 1465 1179 1516 haud
1195 1466 1264 1516 setis
1278 1465 1331 1532 He·

790 1535 882 1586 rodoti
897 1539 1017 1601 respexit
1030 1537 1128 1596 verbs,
1149 1535 1245 1600 quibus
1263 1533 1331 1584 nibil

793 1606 868 1656 eliud
887 1607 1026 1656 indicetur
1044 1607 1098 1655 nisi
1119 1605 1204 1654 Oeam
1223 1619 1276 1654 nou
1297 1603 1331 1654 sd

791 1676 878 1740 ipsum
893 1691 979 1733 mero,
994 1674 1042 1726 sed
1057 1677 1218 1736 introrsum,
1232 1690 1249 1722 s
1264 1673 1331 1722 mari

791 1747 874 1811 igitur
887 1745 1010 1795 nonnihil
1023 1749 1153 1795 remotam
1168 1735 1208 1808 (ἐς
1221 1738 1274 1807 την
1287 1757 1332 1806 με.

791 1808 923 1879 odyssum,
943 1816 1134 1874 lundeinnd'rts,
1153 1817 1184 1863 ut
1199 1827 1248 1863 nos
1264 1813 1330 1863 dici·

791 1885 861 1950 mus)
876 1886 961 1934 fuisse
974 1886 1065 1938 sitem.
1094 1883 1179 1934 Cuius
1193 1883 1268 1942 urbis
1283 1897 1331 1931 an-

792 1955 962 2020 tiquissimae
986 1969 1052 2005 sune
1077 1958 1104 2003 et
1130 1954 1243 2018 antiqua
1271 1951 1332 2001 reli-

790 2026 870 2088 gione
888 2025 1004 2074 maxime
1022 2024 1138 2088 insignis
1157 2025 1239 2074 situm
1260 2037 1331 2071 nuno
1395 2066 1398 2071 .

789 2096 946 2144 aecor-otius
965 2092 1075 2143 delinire
1095 2092 1169 2142 licet.
1205 2092 1246 2142 Ad
1270 2107 1330 2141 eam

791 2165 862 2214 euim
880 2165 1013 2228 pertinuit
1024 2163 1163 2214 Minervae
1182 2161 1248 2212 illud
1264 2165 1331 2211 tem-

789 2233 878 2298 plum,
902 2233 935 2282 do
953 2247 1005 2297 quo
1025 2231 1060 2280 ad
1075 2231 1132 2294 ΙΙΙ,
1150 2231 1184 2282 59
1204 2231 1329 2290 diximus,

788 2301 915 2368 quodque
934 2302 963 2350 in
977 2300 1169 2352 Panhellenios
1190 2309 1280 2352 monte
1295 2302 1329 2348 si.

789 2381 844 2422 tum
864 2373 949 2422 luisse
963 2371 1063 2421 dudum
1076 2377 1226 2436 propagulo
1240 2385 1330 2420 errore

789 2441 860 2490 baud
875 2441 956 2506 pauni
968 2442 1174 2502 existimarunt,
1190 2456 1250 2490 num
1261 2441 1330 2489 Pen-

787 2511 947 2566 hellenium.
969 2527 1022 2575 quo
1043 2525 1118 2558 mous
1137 2509 1181 2560 ille
1198 2525 1268 2560 uuus
1290 2509 1329 2558 sl-

787 2581 908 2630 tlssimus
921 2597 968 2644 per
981 2579 1096 2630 insulem
1110 2581 1256 2644 Aeginam,
1280 2580 1328 2642 qni

786 2664 857 2700 nuno
870 2651 897 2699 S.
911 2649 991 2698 Eliso
1009 2649 1124 2708 dicitur,
1144 2649 1207 2698 olim
1223 2651 1271 2698 ert
1283 2649 1328 2697 lo-

786 2720 829 2768 vis
841 2718 1028 2768 Panhellenini
1045 2719 1205 2783 insignitus,
1225 2718 1324 2782 signifi·

786 2793 865 2837 cetur
890 2787 956 2851 (vid.
973 2788 1089 2838 Gurnier
1107 2789 1150 2836 in:
1174 2787 1266 2838 Rdvue
1285 2803 1327 2836 nr·
1380 2837 1385 2846 ,

786 2855 962 2922 ohdologique
975 2858 1023 2908 xl.
1042 2873 1101 2922 pag.
1120 2857 1167 2909 193
1180 2873 1256 2922 seqq.
1276 2855 1326 2906 342

787 2925 891 2992 seqq),
908 2926 1065 2992 longissime
1081 2927 1143 2976 hino
1156 2927 1252 2986 distet,
1272 2943 1327 2976 ms-

786 2997 857 3046 xime
877 3004 996 3048 remotus
1016 3011 1033 3046 τι
1050 2997 1191 3047 Minervae
1217 2996 1325 3061 templo,

787 3065 858 3130 quod
873 3067 902 3116 in
922 3066 990 3118 colle
1009 3067 1098 3116 minus
1117 3066 1227 3116 editiori
1239 3067 1325 3116 cerni-

787 3141 845 3199 tur,
866 3136 901 3186 ud
918 3137 995 3187 ouius
1007 3135 1114 3186 redires
1130 3151 1203 3186 nuno
1222 3135 1326 3186 inveni-

786 3211 829 3254 tur
844 3206 962 3257 ecclesie
975 3206 1071 3256 Sancti
1083 3205 1230 3269 Demetrii,
1253 3221 1267 3256 e
1282 3220 1326 3256 ve·

787 3280 872 3326 terum
892 3274 1078 3326 aedificiorum
1092 3274 1229 3340 lapidibus
1243 3276 1327 3325 mexi-

785 3361 855 3394 msm
883 3351 987 3410 purtem
1012 3349 1161 3396 exstructa.
1205 3347 1247 3395 De
1272 3359 1325 3410 quo

785 3416 885 3478 optime
900 3415 1057 3480 disputasse
1075 3414 1161 3465 fertur
1176 3413 1325 3466 Mustoxidi

785 3485 813 3533 in
833 3484 916 3540 libro,
943 3485 990 3550 qui
1013 3485 1171 3534 inser-ibitur
1195 3480 1326 3548 Αἰγιναία

783 3569 823 3605 nr.
837 3556 863 3606 5.
886 3568 949 3618 pag.
965 3553 1114 3604 les—lou:
1143 3549 1274 3614 περὶτοῦ
1294 3542 1325 3601 ἓν

783 3617 883 3686 Αἰγίνῃ
910 3619 1094 3686 νομιζομένου
1114 3619 1166 3670 τοῦ
1191 3622 1324 3685 nuvella-

783 3689 848 3739 νίον
859 3681 928 3747 Διὸς
938 3689 1010 3740 ναοῦ
1021 3684 1152 3744 εἰκασίαι.
1167 3691 1236 3745 Αδδ,
1251 3693 1323 3741 Blttt-

783 3767 825 3810 tor
841 3761 886 3810 fiir
900 3760 1001 3811 literilr.
1015 3761 1224 3826 Unterhultuug.
1248 3761 1323 3811 1832.

783 3847 823 3880 nr.
838 3830 898 3882 358.
912 3847 937 3895 p.
956 3831 1022 3882 1499
1040 3835 1067 3880 et
1082 3845 1122 3883 nr.
1138 3829 1196 3882 359.
1213 3847 1239 3894 p.
1257 3830 1321 3881 1591

783 3915 856 3964 seq,
874 3901 959 3950 Ross:
983 3899 1159 3965 Aroheeolog.
1181 3899 1323 3950 Aulestis.

782 3970 1002 4036 pug.241seqq.‚
1016 3970 1118 4020 About:
1134 3968 1265 4019 Arelrives
1274 3971 1322 4019 des

783 4040 908 4090 missione
924 4040 1067 4104 soientitiq.
1085 4041 1116 4092 Τ.
1133 4039 1184 4089 111.
1198 4054 1257 4103 pag.
1271 4039 1323 4088 539

783 4110 1035 4175 seqq.‚quibusnnm
1050 4110 1121 4162 conl.
1137 4107 1223 4158 alluta
1235 4109 1323 4157 sFor-

781 4178 889 4243 bigero:
901 4180 1041 4233 llandbd.
1050 4179 1097 4228 ult.
1105 4177 1256 4243 Geoqruph.
1268 4177 1319 4226 111.

781 4263 808 4312 p.
825 4249 890 4299 1918
906 4255 962 4298 not.
996 4249 1035 4298 Αο
1048 4264 1132 4314 propo
1151 4247 1217 4297 illud
1234 4247 1320 4296 Oeam

781 4318 844 4367 olim
853 4319 934 4368 sitem
945 4319 1029 4368 fuisse
1042 4319 1099 4368 veri
1112 4318 1141 4366 lit
1153 4316 1318 4366 simillimum

781 4387 903 4438 emultis
922 4387 1065 4440 ruderibus
1084 4386 1207 4452 sedium,
1229 4385 1319 4452 sepul·
