3054 4972
493 370 763 434 POLYMNIA.
786 371 858 432 Vll.
881 377 1002 436 70—72.

1251 371 1313 432 559

174 543 273 616 Ἰνδολ
287 544 480 634 ἐσεσάχατο,
496 550 748 634 προμετωπίδια
763 545 801 614 δὲ
814 549 928 614 ἵππων
942 542 1033 632 εἶχον
1048 544 1102 614 ἐπὶ
1116 547 1191 633 τῇσι
1206 571 1311 631 κεφα-

178 657 270 742 λήσι,
295 649 360 718 σόν
380 677 415 719 τε
430 664 516 718 τοῖσι
538 646 598 718 ὠσί
621 651 849 736 ἐκδεδαρμένα
869 649 924 716 καλ
949 653 989 736 τῇ
1011 651 1129 736 λοφιῇ·
1162 645 1312 716 καλόντί

177 755 239 844 μὲν
254 753 363 840 λόφου
377 749 397 842 ή
412 751 513 840 λοφιὴ
528 756 686 840 κατέχρα,
701 751 741 820 τό
756 752 792 820 δέ
807 743 874 820 adra
888 756 957 820 τῶν
972 755 1087 820 ἳππων
1101 748 1189 836 ὀρθὰ
1203 779 1310 839 πεπη·

177 857 258 944 γότα
274 856 380 944 εἶχον,
403 855 620 945 προβλήματα
641 857 678 924 δὲ
697 852 771 923 ἄντ’
792 851 947 924 ἀσπίδων
969 857 1143 924 ἐποιεῦντο
1158 856 1312 942 γεράνων

179 959 290 1046 δορός.
333 966 458 1046 Λίβυες
475 960 511 1028 δὲ
531 957 656 1045 σκευὴν
676 960 738 1046 μὲν
751 965 914 1046 σκυτίνην
928 953 1027 1046 ἤϊσαν
1042 964 1189 1044 ἔχοντες,
1209 956 1308 1028 οἶκον·
1321 972 1354 1030 71

178 1071 279 1132 πλοισι
295 1063 331 1132 δέ
346 1062 553 1131 ἐπικαύτοισι
566 1061 759 1150 χρεόμενοι.
788 1059 933 1150 ἄρχοντα
947 1061 983 1130 δέ
998 1071 1195 1148 παρείχοντο
1209 1071 1309 1131 Μασ-

128 1165 296 1256 ολνσόγην
311 1164 370 1235 τόν
389 1162 548 1256 Ὀαρίζου.
590 1165 814 1253 Παφλαγόνες
836 1165 872 1233 δέ
895 1166 1151 1254 ἐστρατεύοντο,
1174 1167 1227 1234 ἐπὶ
1249 1167 1358 1254 μλνῑλ

179 1277 253 1359 τήσι
275 1274 440 1358 κεφαλῇσι
462 1275 592 1356 ἔχοντες
611 1267 735 1356 κράνεα
758 1271 988 1354 πεπλεγμένα,
1017 1265 1160 1349 ἀσπίδας
1180 1271 1216 1338 δὲ
1234 1292 1309 1356 σμι-

179 1372 278 1462 κρός,
302 1370 420 1460 αἰχμὰς
435 1373 470 1440 δὲ
492 1369 533 1440 ori
547 1372 710 1460 μεγάλας,
733 1369 815 1459 πρὸς
837 1371 873 1439 δὲ
891 1368 1027 1440 όκόντια
1048 1373 1102 1440 καλ
1118 1375 1311 1459 ἐγχειρίδια,

180 1479 257 1564 περὶ
280 1477 316 1545 δὲ
332 1473 410 1554 τούς
430 1475 535 1554 πόδας
556 1478 676 1546 πέδιλα
692 1473 851 1564 ἐπιχώρια
867 1476 899 1554 ἐς
913 1476 1018 1562 μέσην
1033 1474 1163 1562 κνήμην
1178 1473 1310 1544 ἀνατεί-

156 1606 162 1620 ·
180 1607 293 1682 νοντα.
334 1585 457 1666 Λίγυες
472 1577 508 1646 δὲ
523 1579 578 1646 καὶ
594 1580 780 1668 Ματιηνοὶ,
795 1579 851 1646 καὶ
867 1583 1108 1666 Μαριανδυνοί
1120 1581 1225 1647 τεκαὶ
1240 1580 1310 1648 Σύ·

162 1785 263 1858 ,Ιλλεδ
282 1800 309 1850 p.
328 1783 370 1836 62.
383 1784 408 1836 8.
438 1783 561 1850 Apellen.
579 1784 646 1835 Lex.
665 1784 721 1834 Ho-

183 1871 247 1906 mer.
270 1871 334 1920 pag.
356 1855 408 1905 513
428 1853 498 1904 Toll.
522 1853 614 1918 ibique
639 1853 721 1904 intor-

200 1929 263 1976 rett.

181 1941 198 1990 p
223 1988 452 2058 προμετωπίδια]
475 1992 722 2057 „Frequentautur

183 2066 212 2114 iu
237 2077 365 2130 equorum
394 2067 459 2112 aute
481 2063 597 2112 frontem
623 2067 722 2112 ornato

183 2129 398 2197 προμετωπίδια
422 2132 492 2195 apud
515 2131 721 2196 Xenophontem

132 2197 146 2272 ⁸,
184 2203 252 2268 [rid.
272 2204 338 2254 Lex.
352 2200 475 2264 Xenoph.
494 2201 545 2250 111.
567 2217 628 2265 pag.
646 2199 721 2266 686],

182 2271 314 2322 Achillem
329 2271 454 2330 Tatium,
475 2270 632 2332 Aelianum,
652 2271 724 2320 Iam·

183 2340 300 2392 bliohum
314 2346 341 2390 et
350 2339 453 2406 plnres:
473 2343 501 2388 in
514 2339 638 2390 muliebri
648 2354 723 2389 mun·

183 2411 218 2460 do
238 2405 343 2473 κόσμος
367 2406 596 2471 προμετωπίδιος
617 2408 722 2460 Basilio

182 2481 219 2534 Μ.
233 2481 265 2531 Τ.
280 2481 319 2529 ΙΙ.
333 2495 359 2543 p.
375 2478 446 2532 550.
478 2479 532 2528 Hie
545 2475 723 2542 προμετωπί-

182 2547 231 2598 δια
244 2555 308 2601 sunt
321 2550 401 2611 pelles
413 2564 529 2613 equorum
543 2547 667 2610 crepitibus
679 2549 724 2598 de-

182 2627 281 2669 tractae
295 2627 320 2670 et
334 2618 447 2668 λοοιοιιίτ
465 2619 502 2667 αδ
517 2628 640 2668 terrorem
652 2618 724 2669 iudu-

183 2697 225 2738 tae
235 2697 259 2739 et
268 2691 383 2754 speciem.
410 2688 479 2738 Nam
490 2687 562 2753 quod
574 2693 638 2738 ants
650 2687 723 2738 iron-

182 2764 251 2820 tem,
278 2753 522 2820 προμετωπίδιον,
554 2757 635 2823 quale
657 2771 725 2820 προ-

182 2825 356 2891 μετωπίδιον
365 2823 553 2891 κέντρον,οιιο
564 2834 663 2878 natura
672 2829 723 2892 pis-

183 2912 228 2947 σεε
240 2897 347 2960 xiphias
358 2899 487 2956 armavit,
496 2897 637 2947 inAeliani
645 2899 679 2948 H.
688 2897 722 2948 A.

183 2966 256 3028 xiv,
269 2967 332 3016 26.“
351 2967 388 3015 W
393 2969 543 3030 esselinp.
565 2967 598 3016 In
610 2967 721 3018 eandem

184 3039 298 3084 meatem
311 3035 506 3097 interpretatur
516 3033 723 3102 Schweighaeu-

184 3119 261 3155 seros
276 3104 304 3152 in
320 3104 384 3152 Lex.
398 3102 499 3152 Herod.
515 3101 566 3167 (11.
582 3120 644 3170 pag.
658 3103 721 3167 238)

184 3174 304 3237 itemque
313 3169 480 3233 Laroherrm,
493 3173 538 3236 qui
548 3173 664 3224 cassidis
677 3189 724 3238 ga·

183 3257 235 3292 nus
252 3241 383 3306 intelligit
395 3256 409 3290 e
422 3239 491 3304 pelle
504 3243 604 3305 eapitis
618 3243 723 3293 bestiae

184 3311 326 3363 cuiusdam
352 3317 487 3375 peretum.
526 3311 579 3371 Qui
604 3327 668 3362 vero
694 3313 722 3361 in

184 3380 347 3446 anaglyphis
360 3378 505 3430 Thebaiois
518 3381 724 3444 conspiciuntur

184 3451 251 3512 viri,
272 3449 323 3500 hoo
341 3449 441 3514 eapitis
455 3455 611 3514 tegumento
625 3449 722 3512 induti,

184 3522 256 3587 qnod
275 3518 371 3586 pellem
389 3535 448 3569 oum
469 3520 568 3570 erectis
591 3520 619 3568 in
637 3519 723 3570 altum

183 3591 295 3642 auribus
309 3589 425 3650 reiernt¹
440 3589 523 3640 Indos
536 3594 585 3640 ant
595 3597 668 3640 certe
681 3591 726 3640 ln·

184 3661 278 3710 dorum
289 3658 406 3720 accolas,
414 3674 482 3724 quos
490 3659 725 3711 Asianosdatlrio·

183 3745 232 3796 pes
245 3729 401 3780 Herodotus
414 3733 511 3791 vocat,
532 3729 651 3780 indicari
664 3745 725 3794 pro·

183 3799 312 3850 habiliter
327 3799 426 3848 statuit
443 3799 562 3850 Haereu:
583 3799 666 3850 ldeen
685 3797 723 3862 11,

771 1774 902 1848 repriorere*
913 1773 1034 1847 ἐφόρευν
1046 1777 1200 1850 ἐσκληκότα
1211 1787 1313 1852 καπνῷ

772 1855 845 1920 apud
858 1853 964 1918 loseph.
979 1870 1002 1904 e.
1014 1855 1111 1919 Apion.
1124 1857 1145 1907 1.
1159 1860 1200 1906 22.
1214 1875 1239 1922 p.
1249 1860 1310 1909 454.

772 1924 832 1974 Vol.
847 1925 885 1974 ll.
902 1925 1084 1989 Hareroamp.
1097 1953 1132 1964 ·-
1143 1927 1185 1976 td
1197 1929 1311 1977 formam

772 1989 892 2058 κατέχρα
908 1994 938 2056 (i.
952 2008 975 2042 e.
989 1995 1149 2058 sufficiebat,
1168 2003 1233 2047 satia
1247 2005 1311 2059 erut,

773 2069 803 2113 nt
818 2065 840 2126 1,
857 2064 915 2114 tut.
930 2063 978 2118 1v.
995 2063 1270 2124 118)οοιιῐ.Βιεσοι.
1285 2083 1311 2130 p.

772 2133 824 2184 379
835 2132 906 2182 etad
919 2125 1102 2197 προβλήματα
1111 2135 1183 2184 ooni.
1194 2136 1241 2194 tv,
1254 2135 1311 2185 lii).

772 2205 829 2253 Neo
844 2201 924 2252 aliter
939 2202 1007 2252 liaeo
1027 2217 1079 2251 vox
1094 2205 1248 2266 defensionis
1264 2220 1312 2254 no·

774 2273 847 2322 tione
860 2272 932 2336 apud
944 2271 1070 2335 Aeschyl.
1084 2273 1102 2322 S
1123 2289 1145 2321 o.
1156 2274 1208 2322 Th.
1219 2275 1271 2324 636
1284 2281 1312 2322 et

772 2343 837 2404 673,
852 2343 897 2390 ubi
912 2341 967 2394 rid.
984 2341 1132 2393 Blomiield.
1148 2343 1175 2392 in
1190 2343 1311 2395 Glossar.

773 2411 807 2462 ad
820 2419 962 2475 utrumque
975 2410 1072 2465 looum.

950 2581 1015 2634 Car.
1036 2585 1135 2635 Lxxt.

814 2683 926 2753 Λίβυες]
952 2687 1014 2738 Vid.
1039 2693 1107 2738 nott.
1133 2687 1168 2738 ad
1191 2689 1248 2750 ΙΙΙ,
1267 2689 1310 2740 91.

775 2755 842 2820 Qui,
863 2761 893 2806 nt
909 2759 981 2822 Mysi
995 2759 1060 2818 VII,
1079 2760 1125 2820 74,
1142 2763 1258 2808 utuntur
1273 2760 1311 2808 ia·

773 2825 841 2876 oulis
855 2819 1039 2891 ἐπικαύτοισι,
1054 2830 1071 2878 i.
1080 2843 1103 2877 e.
1116 2829 1223 2889 adustis,
1234 2844 1311 2890 prae-

772 2897 848 2956 ustis,
861 2903 893 2946 ut
902 2898 1033 2962 Virgilius
1043 2897 1163 2962 loquitur
1173 2899 1239 2948 Aen.
1249 2899 1311 2959 vll,

772 2967 822 3017 524
844 2965 902 3016 ooll.
922 2967 975 3028 xi,
994 2969 1054 3018 894.
1094 2967 1167 3017 ilino
1184 2967 1311 3019 Laroher.

772 3035 876 3086 reddit:
905 3037 950 3086 des
973 3039 1079 3088 irroelota
1096 3039 1182 3086 duroia
1201 3054 1235 3086 ou
1255 3038 1310 3100 seu.

773 3105 944 3157 Contollam
957 3107 986 3155 Ο.
994 3105 1100 3156 lliiller.
1112 3106 1147 3155 ad
1158 3107 1312 3174 Geograplr.

772 3175 886 3226 Graeco.
900 3176 984 3226 minn.
999 3176 1021 3226 1.
1035 3175 1155 3240 pagus.

946 3342 1011 3392 Car.
1033 3345 1146 3399 LXXll.

808 3437 1005 3512 Παφλαγόνες]
1025 3448 1086 3500 vid.
1099 3465 1183 3515 supra
1197 3450 1253 3512 ΙΙΙ,
1266 3451 1310 3502 30.

773 3518 815 3568 De
835 3531 947 3581 quorum
967 3517 1054 3581 galeis
1073 3519 1225 3570 Laroherus
1249 3537 1313 3572 oon·

774 3586 839 3637 ierri
857 3585 916 3636 vult
933 3587 1105 3653 Xenophont.
1125 3590 1211 3640 Anah.
1231 3591 1270 3654 V,
1284 3594 1309 3642 4.

774 3659 798 3720 5.
811 3653 903 3720 6[13].
920 3656 1007 3708 Vooes
1021 3651 1127 3720 κρόνεα
1138 3658 1312 3724 πεπλεγμένα

774 3726 856 3790 attigi
876 3725 910 3774 ed
926 3727 993 3788 vil,
1010 3727 1044 3779 63
1064 3735 1092 3778 et
1110 3730 1192 3781 rerba
1211 3725 1312 3780 πέδιλα

774 3786 845 3852 -ἐς
856 3795 945 3860 μέσην
955 3789 1067 3862 κνήμην
1078 3788 1265 3850 α’νατείνσντα
1277 3801 1311 3851 ad

185 3869 210 3918 2.
223 3883 285 3933 pag.
297 3869 346 3918 231
359 3867 410 3918 lroo
421 3867 482 3918 loeo
492 3869 647 3919 Herodoteo
659 3881 724 3920 usus
772 3865 843 3928 VII,
861 3863 904 3917 67.
918 3883 921 3888 ·

185 3942 213 3988 at
233 3937 364 4003 imagines
381 3938 450 3988 istas
469 3937 615 3990 Thebaiois
632 3952 726 3988 mouu-

185 4006 283 4058 mentis
304 4005 456 4072 insculptas
473 4007 508 4056 ad
528 4009 723 4073 Aegyptiorum

185 4075 373 4139 expeditiones
392 4077 584 4140 antiquissimo
604 4093 672 4130 aevo
696 4079 725 4128 ia

186 4146 318 4196 orientem
328 4145 471 4196 institutas
482 4146 611 4197 referans.
629 4149 669 4198 Ao
681 4147 726 4198 de·

185 4214 266 4280 nique
280 4229 341 4265 oum
353 4214 405 4265 hoo
415 4213 549 4267 Herodoti
560 4215 621 4267 looo
630 4217 728 4268 Naelrs

188 4283 320 4350 (Choeril.
333 4283 457 4350 iragmm.
471 4299 533 4350 pag.
547 4285 605 4350 145)
619 4301 728 4352 eompa-

186 4359 247 4416 rat‚
261 4369 330 4420 quae
342 4353 483 4404 Choerilus
492 4353 526 4405 de
536 4355 646 4406 ludaeis
654 4369 730 4421 prae·

808 3932 920 4000 Λίγυες]
937 3933 992 3984 Alii
1003 3941 1068 3986 eunt
1079 3939 1175 4004 Lippos
1187 3939 1249 3998 VII,
1264 3938 1312 3988 165

775 4005 809 4056 ad
828 4005 968 4056 Massiliae
986 4007 1155 4058 vicinitatem
1179 4008 1206 4056 in
1222 4005 1312 4057 Gallia

777 4075 934 4141 quaerendi,
947 4080 978 4126 ut
989 4083 1081 4128 monet
1091 4077 1190 4128 Krnea:
1208 4077 1313 4126 Hister.

776 4145 856 4196 Areh.
872 4147 899 4207 Ι,
914 4147 938 4194 2.
954 4161 1016 4212 pag.
1032 4147 1075 4197 61.
1110 4148 1165 4208 Qui
1183 4145 1209 4194 h.
1226 4143 1245 4194 l.
1260 4161 1314 4192 rno-

777 4219 915 4266 morantur
934 4217 1043 4281 Lippos,
1066 4215 1101 4266 ad
1120 4216 1213 4266 Asiam
1234 4216 1316 4278 perti-

777 4291 857 4344 nent,
877 4291 905 4336 ot
919 4285 1026 4350 quidem
1039 4284 1185 4334 Eustathio
1202 4289 1315 4333 auotore

780 4355 815 4405 ad
831 4356 945 4420 Dionys.
964 4355 1071 4418 Perieg.
1090 4371 1131 4405 vs.
1153 4355 1186 4406 76
1203 4353 1239 4404 ad
1253 4351 1316 4404 Col-

187 4423 277 4476 dioat:
290 4416 380 4489 αότόρ
392 4411 730 4490 ineptissimarum&
779 4425 899 4486 ebidem
918 4440 979 4476 nam
994 4423 1108 4476 multum
1121 4439 1187 4476 sane
1200 4421 1353 4474 suth*
