2986 5014
98 319 103 330 ,
211 257 274 320 820
361 257 1200 352 ExOURsusvunnuuouomvnoo.

213 433 312 486 foculus
329 431 635 502 intremere-potuerit
645 431 799 486 Heraclidis
813 431 955 484 accenseri
969 437 1052 502 atque
1064 431 1163 484 encello
1180 431 1357 502 coronisque

213 518 324 571 mactari
338 518 557 570 Lacedaemone=
573 525 601 570 et
615 517 684 570 idem
699 525 787 569 tumen
803 518 924 570 iocorum
941 517 1180 587 cavillationieque
1201 533 1356 586 argumen-

212 611 268 656 tum
286 601 424 656 exhibere.
469 603 537 655 Nom
558 603 720 656 Demaratus
737 611 765 654 et
784 602 831 671 qui
854 604 888 655 ab
908 603 1029 655 ruinario
1052 603 1159 654 nomine
1180 601 1302 656 dicteria
1326 603 1355 654 in

213 705 273 741 eum
295 687 440 740 eliciebant
460 688 627 752 adversarii,
650 688 823 740 Persicorum
849 695 938 740 aetate
961 687 1091 740 bellorum
1117 688 1264 754 vixerunt3
1295 704 1356 758 quo

212 781 334 842 tempore
349 771 459 824 licentio
475 773 632 844 optimatum
648 773 844 826 Laconicorum
865 790 955 842 neque
969 789 1058 842 ueqrte
1074 789 1183 842 quaque
1205 772 1356 840 religioni·
1418 823 1420 832 ι

213 859 266 910 bue
281 857 412 926 pepercit.
464 858 518 910 Sed
539 865 627 910 tumen
647 859 726 910 etiam
749 867 806 909 tum
828 857 926 927 patriis
948 857 1129 926 religionibue
1155 857 1266 927 publice
1293 857 1356 927 pri-

213 943 351 1012 velimque
366 959 435 994 eurus
450 943 595 996 constabat
615 943 715 1009 bonor,
742 959 793 994 aua
818 942 961 994 sanctitas.
1004 943 1105 1010 Argnit
1130 943 1174 994 rel
1203 943 1355 995 detrabaci

215 1030 324 1081 heroum
356 1027 463 1096 publice
490 1028 671 1098 privatimque
696 1026 836 1080 residuum
863 1027 1067 1080 Lacedaemone
1092 1027 1164 1098 (rid.
1190 1027 1298 1080 Herod.
1323 1039 1356 1080 et

214 1113 335 1166 Peneon.
352 1111 370 1164 l.
389 1111 453 1178 l.).“
468 1144 499 1152 -

299 1197 447 1265 Comparut
460 1197 522 1250 dein
540 1199 590 1252 Cr.
608 1197 714 1265 Hygini
729 1197 913 1249 narrationem
924 1196 1004 1248 Poit.
1018 1201 1122 1249 neiron.
1135 1213 1180 1267 ep.
1197 1200 1240 1252 23.
1258 1214 1288 1266 p.
1300 1201 1356 1252 473

215 1283 328 1336 eduen
350 1282 474 1348 steven,
501 1299 670 1352 quaequam
691 1281 803 1336 maxime
824 1281 877 1334 buc
900 1282 998 1334 referri
1015 1281 1120 1350 possit,
1143 1282 1183 1334 ite
1198 1290 1229 1334 ut
1245 1283 1354 1336 Boccho

212 1371 298 1441 prioco
312 1370 428 1436 adeoque
442 1371 530 1421 Sileno
541 1370 685 1422 simillimae
697 1369 794 1421 euorlut
805 1369 871 1421 idem
883 1368 929 1420 ille
941 1370 1114 1425 detrahemur
1128 1383 1188 1420 cum
1200 1367 1353 1438 utrobique

214 1455 378 1521 magicorum
390 1469 480 1504 rerum
495 1451 785 1522 daemoniacarumque
795 1451 939 1506 manifesta
953 1451 1082 1519 vestigia.
1104 1451 1165 1504 Nec
1177 1451 1354 1506 Astrabecna

214 1540 304 1590 nrinua
333 1539 415 1590 noello
443 1537 553 1590 iunctus
577 1539 749 1605 inconineque
771 1537 933 1606 implicitun,
961 1555 1040 1606 quarn
1067 1537 1203 1589 Baccbua.
1249 1538 1355 1590 Neutri

213 1625 278 1676 item
293 1622 372 1673 deeat
386 1621 552 1688 significatio
571 1633 713 1676 notrorum.
758 1622 931 1690 cogitandus
951 1629 1041 1675 autern
1065 1621 1090 1672 b.
1112 1621 1130 1673 l.
1148 1629 1192 1673 eat
1210 1623 1354 1674 Bacchus-

213 1708 324 1760 Silenue
343 1705 495 1775 priscorum
518 1707 679 1775 religionum
694 1707 912 1774 Pelasgicorum,
935 1723 1005 1776 quae
1028 1705 1100 1775 epod
1120 1705 1290 1758 Dodonaeo·
1312 1707 1353 1758 in·

215 1791 309 1863 primia
325 1789 512 1844 invaluerunt.
557 1792 639 1854 erod
662 1809 727 1845 vero
742 1791 815 1860 apud
829 1791 970 1858 Hyginum
990 1790 1008 1843 l.
1025 1791 1042 1842 l.
1060 1791 1183 1842 Bacchae
1206 1791 1288 1843 esino
1304 1791 1353 1857 illi,

216 1895 270 1948 quo
286 1877 379 1928 iuerat
395 1885 505 1942 rectus,
521 1893 614 1930 vocem
631 1878 769 1929 humanum
790 1875 900 1928 dedisse
921 1875 1036 1942 dicitur,
1060 1874 1178 1926 Buluami
1199 1876 1297 1928 asinae
1315 1877 1352 1928 lo·

216 1962 326 2033 quentin
343 1961 412 2013 idem
427 1962 546 2014 meminit
567 1981 582 2014 e
598 1963 685 2014 sacris
701 1961 889 2014 Hebraeorum
909 1961 1038 2030 scriptio,
1052 1959 1159 2028 alioque
1173 1960 1303 2029 disputat
1319 1961 1353 2012 nd

216 2047 287 2100 esini
305 2047 356 2098 rim
373 2055 401 2097 et
421 2053 582 2116 potestatem
602 2047 630 2098 in
652 2055 774 2099 veterum
796 2045 978 2114 religionibus
999 2045 1215 2114 cognoscendam
1241 2053 1270 2098 et
1290 2064 1352 2116 per·

217 2129 383 2202 coiciendum
399 2131 549 2200 nptiseimn.
594 2133 654 2184 Noe
670 2132 721 2182 buc
744 2137 894 2184 eutonium
913 2130 1114 2196 ndaccibamua,
1130 2147 1200 2200 qnae
1216 2129 1352 2182 disserta·

216 2217 302 2269 tionis
318 2218 398 2268 linem
414 2217 588 2268 constituunt
606 2219 645 2286 [p.
663 2213 830 2290 270]=‚,1an
851 2215 918 2268 illud
931 2231 1150 2285 unumquemque
1164 2214 1302 2281 advertet,
1321 2217 1353 2267 ni

217 2304 342 2356 Hebraeis
361 2319 413 2352 non
443 2301 532 2354 minua
560 2318 638 2370 quam
655 2319 670 2353 a
687 2303 796 2355 Graecis
821 2301 848 2352 in
875 2300 992 2367 imagine
1008 2302 1075 2353 neini
1098 2309 1127 2352 et
1144 2301 1256 2353 minerii
1278 2303 1356 2371 genii

218 2391 284 2440 llaec
302 2386 357 2438 uno
373 2385 494 2438 includi:
519 2387 632 2456 primum
658 2396 766 2458 ogrertc
779 2389 848 2440 vitoe
860 2405 947 2456 genus
960 2387 1157 2453 eolitoriurnnue
1173 2405 1204 2438 oc
1217 2386 1354 2439 dueum.-

217 2472 317 2526 deinde
338 2473 471 2524 lnocinium
492 2477 574 2542 abolute
595 2491 683 2526 rerum
705 2491 877 2526 crenerenrum
897 2473 1063 2542 cupidiorem.
1114 2469 1237 2533 Quarum
1259 2487 1354 2524 rerum

218 2557 285 2610 nibil
300 2557 381 2608 obest
401 2555 435 2607 ab
457 2558 594 2611 Aatrnbooi
616 2558 676 2610 eive
698 2557 790 2609 beroie
813 2557 872 2609 eive
894 2557 968 2624 genii
992 2555 1092 2608 subula.
1138 2555 1316 2623 Aggregntur
1338 2575 1354 2607 a

217 2643 358 2695 Clemente
375 2641 417 2693 bic
432 2642 492 2712 ipre
506 2647 563 2704 τοῖς
578 2647 694 2710 μιαροῖς,
711 2641 729 2694 i.
743 2659 767 2693 e.
783 2643 908 2694 ecelesiis
923 2659 954 2693 uc
975 2642 1068 2694 naevis
1083 2641 1270 2693 daemonibus.
1316 2641 1354 2692 Et

218 2746 315 2796 reapse
331 2727 460 2794 adportat
474 2745 572 2779 suevus
589 2727 737 2794 religiones
752 2726 928 2797 crudeliaque
944 2743 1038 2794 sacre,
1065 2726 1146 2778 ducta
1166 2725 1200 2777 ab
1223 2725 1353 2777 extremis

219 2813 276 2865 orie
291 2822 319 2865 et
331 2828 403 2880 quiae
418 2811 585 2864 silvestrium
602 2813 736 2864 bominum
751 2829 783 2862 ac
791 2819 931 2881 pastorum
947 2829 1029 2864 aenea
1048 2829 1079 2863 ac
1093 2827 1181 2862 morea
1198 2809 1354 2862 luculenter

218 2905 346 2964 urguent.
399 2895 453 2946 Sed
475 2895 554 2947 etium
577 2897 626 2947 boc
646 2897 732 2948 altero
754 2913 829 2948 more
851 2897 997 2948 asinarium
1013 2903 1145 2948 mutorum
1165 2893 1287 2948 declarat
1306 2893 1353 2946 ille

218 2983 355 3035 Laconum
379 2979 493 3046 genius,
514 2979 587 3050 quod
611 2982 738 3034 venereis
759 2982 842 3034 rebus
864 2979 1007 3048 indulgere
1030 2989 1058 3033 et
1079 2997 1139 3032 cum
1154 2979 1265 3032 muliere
1286 2997 1352 3030 con-

217 3066 343 3118 cumbere
358 3063 489 3134 dicitur.“
1170 3119 1175 3128 δ

303 3151 398 3216 „Haec
414 3149 501 3200 omnin
518 3149 563 3200 ubi
578 3149 604 3200 in
624 3167 706 3202 ιιιιιιιιι
723 3149 883 3217 collegeris,
908 3149 1038 3220 dispicias
1054 3167 1168 3202 necesae
1183 3155 1227 3202 eet
1251 3150 1353 3220 priren-

218 3255 275 3288 rum
297 3237 455 3304 religionum
470 3234 587 3286 indolem
603 3234 707 3288 scilicet
722 3253 829 3302 earum,
854 3251 941 3306 quae,
965 3243 994 3286 ut
1016 3235 1048 3286 lit
1069 3235 1096 3287 in
1111 3234 1256 3304 pastoritio
1278 3233 1354 3286 vitoe

218 3337 332 3388 genere,
356 3321 630 3386 corroborationem,
657 3339 687 3372 oc
701 3323 777 3388 quinci
792 3321 931 3374 eormenlir
952 3322 1089 3374 ailocrounl
1111 3329 1136 3374 et
1156 3321 1234 3390 nogia
1249 3322 1354 3373 sedum

216 3413 349 3473 seruntur,
364 3417 387 3458 et
400 3408 547 3475 promiscuo
560 3409 663 3474 lateque
678 3409 704 3458 in
719 3409 816 3477 vulgus
834 3416 979 3475 grumento
993 3407 1114 3459 oulicinio
1126 3407 1353 3459 conturbentur.“
