3062 4976
208 343 269 405 352

638 343 909 407 HERODOTI

209 515 381 608 θιδρήσκει
395 520 432 586 ἐκ
446 521 503 606 τῆς
517 523 671 606 Αἰγίνης·
703 517 767 589 σὺν
788 523 828 589 δέ
840 524 874 589 οἰ
886 523 941 590 καί
956 518 1051 591 iiior
1066 523 1102 590 ἐκ
1116 527 1185 590 των
1201 527 1341 611 Αἰγινη·

194 625 293 692 ’τέων
317 625 472 706 ἕσποντο,
498 636 583 690 τοῖσι
606 620 778 710 Ἀθηναῖοι
801 623 950 692 Σούνιον
969 630 1099 712 οἰκῆσαι
1120 631 1252 694 ἔδοσαν.
1288 630 1341 694 ἐν·

207 733 333 795 θεῦτεν
354 724 390 792 di
413 715 506 794 οὗτοι
527 721 733 814 ὁρμεώμενοι
752 726 875 814 ἔφερόν
896 755 931 794 τε
954 730 1010 796 καί
1029 720 1113 815 ῆγον
1133 726 1210 807 τοὺς
1237 731 1273 796 ἐν
1301 735 1342 818 τῆ

162 827 301 923 91νήσφ
316 827 507 915 Αἰγινήτας.
543 829 723 918 ταῦταμὲν
743 829 784 918 δῆ
799 827 941 916 ὕστερον
956 834 1093 916 ἐγίνετο.
1132 836 1342 920 Αἰγινητέων

211 932 248 1001 δὲ
269 939 303 1002 οἰ
321 935 453 1019 παχέες,
484 932 729 1012 ἐπαναστάντος
750 939 810 1002 τοῦ
831 933 939 1021 δῆμον
962 955 1022 1022 σφι
1040 931 1107 1021 άμα
1127 934 1342 1026 Νικοδρόμῳ,

209 1035 452 1124 ἐπεκράτησαν·
475 1037 530 1103 καί
546 1036 659 1106 ἔπειτά
674 1058 780 1124 σφεας
792 1038 1032 1124 χειρωσάμενοι
1046 1040 1165 1125 ἐξῆγον
1178 1036 1340 1106 ἀπολέον-

208 1167 272 1220 τες.
301 1136 366 1208 άπὸ
379 1136 500 1208 τούτου
521 1139 559 1207 δὲ
579 1141 634 1206 καί
648 1135 728 1225 άγος
748 1162 809 1227 σφι
824 1143 972 1226 ἐγένετο,
992 1139 1029 1210 τὰ
1046 1141 1258 1210 ἐκθύσασθαι
1280 1138 1343 1209 οὐκ

209 1238 276 1313 οἷοί
301 1270 337 1312 τε
365 1245 517 1328 ἐγίνοντο
542 1243 844 1330 ἐπιμηχανώμενοι,
870 1240 944 1312 ἀλλ’
968 1249 1126 1332 ἔφθησαν
1145 1244 1342 1323 ἐκπεσόντες

209 1347 373 1436 πρότερον
388 1349 423 1412 ἐκ
439 1349 496 1433 τῆς
512 1345 635 1434 νῆσον,
651 1343 672 1433 ῆ
686 1368 747 1433 σφι
761 1352 863 1416 ἵλεων
876 1348 1036 1433 γενέσθαι
1051 1346 1112 1435 τῆν
1125 1347 1218 1416 θεόν.
1243 1350 1340 1416 ἑπτα-

209 1457 342 1529 κοσίους
356 1447 419 1537 γάρ
435 1447 478 1538 di
492 1453 551 1517 τοῦ
565 1448 672 1537 δῆμον
685 1449 912 1540 ζωγρήσαντες
931 1453 1048 1538 ἐξῆγον
1069 1446 1113 1530 άς
1133 1449 1341 1532 ἀπολέοντες.

209 1648 751 1720 seripsiproneipeye'vovro,quodSchne·
800 1672 844 1706 on.
861 1655 937 1705 Cass.
956 1654 1036 1714 XLI,
1053 1655 1084 1705 14
1097 1655 1158 1718 iim,
1176 1654 1272 1718 Synee.
1286 1655 1341 1704 En-

210 1725 250 1774 ser
263 1724 386 1773 retinuit.
800 1741 868 1776 eom.
884 1723 983 1773 (inivit.
998 1739 1060 1790 pag.
1074 1727 1106 1774 74
1116 1725 1149 1788 Β,
1165 1723 1292 1774 Eneteth.
1306 1723 1342 1772 nd

244 1796 317 1842 τοῖσι
335 1783 481 1856 Ἀθηναῖοι
497 1783 622 1842 Σούνιον
635 1787 749 1857 οἰκῆσαι
799 1796 908 1844 Homer.
930 1809 992 1858 pag.
1013 1794 1096 1856 1223,
1110 1795 1141 1844 51
1164 1809 1186 1845 e.
1203 1793 1339 1855 1300,19.

209 1857 321 1926 ἔδοσαν]
349 1863 432 1913 Hand
451 1863 521 1914 mele
534 1863 647 1913 coniicit
660 1863 750 1914 Naber
800 1865 873 1913 Hine
886 1863 985 1912 Suidee
998 1864 1019 1912 1.
1032 1879 1059 1928 p.
1075 1863 1141 1914 692:
1161 1853 1341 1911 ἐκθύσασθαι

209 1935 238 1982 in
253 1934 422 1996 Mnemosyn.
441 1932 488 1986 lv,
506 1934 598 1998 φορῶ
618 1933 749 1997 rcripium
801 1925 831 1982 τό
846 1925 1049 1992 ἐξιλεαὶσασθαι
1062 1927 1109 1980 καί
1119 1925 1340 1994 ἐκμειλίξασθαι.

210 2003 294 2052 fuisse
308 1994 473 2064 ἐνοικῆσαι,
490 2003 562 2067 quod
574 2003 602 2051 in
618 2002 700 2052 simili
712 2002 751 2052 lo·
800 2005 861 2065 Hie,
878 2017 949 2067 quae
961 2001 1057 2051 attulit
1068 2000 1274 2066 Weseelingius‚
1291 2001 1340 2050 Cr.

210 2073 320 2122 cutione
337 2072 473 2122 invenitur
492 2073 533 2134 ll,
552 2073 610 2122 154.
626 2071 684 2122 178.
699 2073 747 2133 IX,
801 2073 879 2122 addit
908 2070 1101 2135 Wyttenbaeh.
1133 2071 1169 2120 ad
1201 2070 1339 2120 Pluterelr.

213 2142 275 2205 100,
301 2142 425 2207 qnodque
449 2142 557 2190 restitui
576 2157 682 2207 quoqne
704 2141 749 2192 ille
799 2141 1111 2192 Morainnimndverss.
1131 2155 1192 2205 pag.
1208 2140 1273 2202 931,
1293 2141 1341 2204 qui

210 2211 270 2262 vuli
286 2213 340 2276 vl,
362 2212 410 2262 137
432 2205 502 2275 (τῆν
523 2223 602 2273 σφισι
620 2203 677 2260 ὑπὸ
698 2203 748 2258 τὸν
799 2201 959 2260 ἐκθόεσθαι
975 2217 1049 2260 reete
1062 2213 1270 2274 interpretetur:
1294 2225 1341 2257 en·-

204 2275 344 2346 Ὺμησσόν
362 2274 465 2330 ἐοῦσαν
483 2273 587 2329 ἔδοσαν
606 2275 748 2344 οἰκῆσαι),
798 2283 872 2344 piare
884 2295 933 2342 per
943 2281 1078 2336 sacrificia.
1098 2280 1139 2328 Tu
1153 2279 1209 2330 vid.
1223 2293 1339 2344 quoque,

190 2389 193 2395 .
210 2353 264 2401 niei
276 2350 445 2401 scribendum
459 2344 580 2410 οἰκίσαι,
597 2351 668 2416 quod
684 2351 749 2398 mihi
799 2367 868 2416 quae
878 2347 973 2399 attulit
982 2349 1011 2400 O.
1020 2350 1051 2402 it
1060 2351 1215 2398 Hermann:
1230 2349 1340 2397 Gottes-

209 2422 318 2486 quidem
328 2423 416 2470 minue
429 2419 540 2470 arridet.
800 2419 907 2471 dienstl.
923 2418 1039 2469 Alterili.
1052 2422 1076 2482 ᾖ.
1088 2417 1129 2468 23.
1144 2423 1203 2468 noi.
1215 2419 1258 2468 21.
1276 2418 1339 2466 Mox

244 2500 347 2570 ἔφερόν
372 2519 400 2554 τε
425 2501 473 2554 καὶ
496 2493 585 2570 ἦγον]
619 2505 749 2568 „optime
799 2489 1130 2554 τσεοτίριῐεΡΙοτεοίὶοο
1143 2480 1271 2552 ἐγίνοντο
1289 2502 1338 2551 pro

210 2579 293 2627 vertit
308 2577 408 2626 Geleus
424 2577 451 2624 in
469 2577 541 2624 notis
557 2575 750 2637 depraedadau·
799 2551 939 2622 ἐγένοντο-

209 2656 267 2709 tur,
291 2661 323 2696 ex
343 2646 415 2709 egris
432 2643 602 2708 popularium
617 2645 752 2709 rapiebant
834 2653 935 2724 35in
951 2651 988 2716 ὡς
1003 2650 1186 2724 homme]
1208 2660 1225 2709 i·
1243 2674 1266 2708 e.
1280 2658 1339 2708 edu·

210 2717 366 2780 upedcmtque
376 2729 440 2777 quae
450 2715 519 2775 ferri
528 2717 616 2777 αρίηιιι
625 2721 750 2776 poterant.

210 2785 321 2848 Semper
335 2782 407 2846 apud
420 2787 525 2831 veteres
538 2785 566 2830 in
581 2783 651 2832 ietee
664 2784 750 2833 unite-

210 2855 316 2904 iiesima
330 2851 445 2901 formula
459 2852 620 2901 observetur
632 2853 751 2904 οὕτωο-

212 2923 320 2972 matidis
332 2921 434 2969 tradita
444 2919 614 2986 significandi
625 2923 749 2972 differen-

210 2993 257 3041 tia.
293 2993 379 3054 Quem
391 2991 529 3052 portabant
543 2991 688 3054 praedam,
702 2991 751 3054 φέ-

211 3075 285 3125 ρειν;
306 3053 385 3125 quem
395 3076 462 3123 prae
474 3077 502 3111 ιτ
514 3061 634 3144 tepebant,
647 3063 750 3112 iumen-

211 3137 241 3181 te.
256 3145 365 3194 nempe,
380 3129 506 3182 dicuntur
518 3145 612 3194 αγεινι
632 3133 689 3181 eive
704 3124 751 3195 φέ-

211 3199 312 3263 ρεσθαι
326 3197 360 3248 τὰ
372 3195 571 3266 βασταζόμενα,
581 3191 703 3264 ἄγεσθαι
716 3191 750 3250 τά

211 3263 367 3338 βαδιστικά,
410 3272 480 3334 Quin
501 3269 622 3330 iumenta
642 3272 750 3335 potissi-

211 3357 282 3390 mum
297 3339 423 3404 praedem
436 3339 605 3400 efficiebant,
626 3341 667 3391 ire
686 3356 750 3392 uen-

210 3415 251 3461 ter
263 3409 362 3474 iegitur
376 3405 428 3475 τῆν
445 3408 523 3459 λείαν
538 3403 617 3474 ἄγειν
633 3356 750 3462 endiad-

211 3482 299 3530 νειν.·“
317 3480 473 3530 Valcken.
505 3480 545 3530 Of.
560 3485 630 3534 nott.
646 3483 681 3532 ad
695 3481 749 3546 111,

211 3548 244 3600 30
258 3553 285 3600 ei
297 3549 374 3612 1,88.

407 3721 473 3771 Gir.
486 3721 555 3771 xci.

247 3817 276 3873 ei
288 3815 403 3887 παχέες]
430 3823 490 3874 Vid.
511 3829 579 3874 noti.
598 3825 633 3874 ed
648 3825 686 3887 V,
706 3823 750 3888 30,

213 3895 258 3945 ubi
273 3895 355 3944 etiem
371 3893 404 3943 de
418 3908 484 3943 voce
497 3889 600 3957 δῆμον.

246 3974 278 4032 τό
294 3971 487 4042 ἐκθύσασθαι]
508 3980 526 4028 i.
541 3997 564 4033 e.
581 3983 647 4045 quod
662 3981 750 4047 (impi-

213 4070 257 4104 um
276 4047 376 4130 ecelue)
402 4051 511 4112 expiare
538 4066 586 4101 non
605 4059 749 4113 potuerunt.

211 4127 281 4174 Nem
300 4113 497 4180 ἐκθνσασθαι,
519 4125 549 4168 ut
569 4119 697 4171 observat
715 4121 750 4170 ed

212 4193 237 4242 h.
249 4193 266 4243 1.
274 4191 415 4250 Valcken„
424 4188 561 4252 significat
575 4191 637 4238 iram
650 4191 750 4240 deorum

208 4265 315 4324 piaculis
333 4277 354 4312 n.
373 4261 475 4312 victimis
488 4261 595 4322 placare
609 4261 749 4322 piaculari·

210 4331 269 4390 due,
281 4331 397 4396 indeque
412 4328 554 4379 adhibetur
569 4329 597 4378 in
611 4343 750 4391 procuran-

211 4400 250 4452 dis
263 4401 380 4450 ominibus
394 4408 419 4451 σε
428 4399 560 4464 γνοσφὶίτ,
575 4403 603 4450 ui
618 4399 689 4466 apud
702 4399 750 4448 Di-

799 2741 896 2782 nerum
907 2731 1091 2792 interficiendos
1104 2746 1126 2780 e.
1139 2731 1175 2778 ari
1186 2731 1338 2791 supplicium.

801 2801 855 2851 Ubi
876 2800 928 2850 duo
948 2799 1026 2850 codd.
1048 2801 1178 2848 omittunt
1198 2791 1249 2861 ὡς,
1269 2797 1339 2862 quod

800 2870 882 2934 paulo
896 2875 960 2920 ente
976 2871 1002 2917 in
1022 2869 1114 2918 eedem
1128 2868 1266 2918 locutione
1281 2865 1339 2916 n'ui-

800 2940 842 2991 lue
856 2939 923 2989 liber
939 2939 1029 2988 hebet.
1057 2938 1099 2986 Ad
1113 2937 1226 2989 voculae
1239 2929 1290 2999 οἱς,
1310 2940 1340 2984 ut

800 3010 869 3060 bene
883 3013 974 3058 monet
987 3007 1165 3072 Weseeiing.,
1183 3023 1279 3072 saepe,
1293 3005 1340 3054 ubi

801 3081 861 3130 sine
875 3079 1037 3128 detrimento
1053 3079 1223 3139 reticeretur,
1236 3092 1286 3126 sun
1298 3075 1340 3124 vie

801 3164 920 3212 suusque
934 3153 975 3198 eet
987 3147 1076 3212 lepor,
1090 3152 1119 3196 ut
1133 3147 1161 3196 in
1178 3146 1277 3196 Herod.
1291 3144 1340 3206 vl,

802 3219 844 3282 18,
860 3219 931 3269 Pint.
946 3219 1052 3268 Menex.
1068 3231 1095 3280 p.
1112 3216 1209 3277 2101),
1223 3217 1340 3265 Paueen.

801 3289 897 3338 Boeoi.
912 3286 983 3350 (111)
1006 3285 1045 3336 13.
1066 3289 1090 3348 5.
1112 3287 1137 3335 2.
1156 3284 1182 3336 3.
1213 3285 1245 3334 In
1264 3297 1340 3348 eeqq.

801 3359 891 3408 verbie
906 3353 1060 3419 ἔφθησαν
1074 3346 1239 3410 ἐκπεσόντες
1254 3347 1339 3416 πρό-

801 3441 906 3490 τερον
931 3419 960 3476 ἐκ
983 3422 1033 3488 τῆς
1056 3419 1145 3488 νήσου
1176 3423 1287 3473 additur
1308 3437 1340 3472 ex

822 3497 918 3546 undam
930 3495 1062 3546 sermonis
1074 3493 1244 3544 abundantia
1257 3493 1340 3542 verbo

802 3513 936 3630 ἐφθησαν
952 3579 1012 3614 eum
1026 3564 1173 3628 participio
1189 3564 1281 3613 iuncto
1295 3561 1340 3627 (de

803 3652 855 3701 qno
867 3636 921 3684 vid.
937 3639 1005 3684 noti.
1022 3633 1056 3682 nd
1068 3634 1115 3694 Vl,
1133 3631 1193 3697 108)
1207 3648 1260 3684 vox
1273 3629 1341 3694 πρό-

801 3718 893 3768 τερον,
909 3710 939 3754 ni
952 3707 978 3753 in
994 3703 1117 3766 Thucyd.
1135 3702 1203 3764 Vn,
1219 3703 1252 3752 25
1265 3701 1340 3752 eliis-

801 3791 853 3840 que
869 3773 950 3835 loeis,
970 3787 1038 3838 quoe
1053 3771 1148 3822 attulit
1164 3771 1281 3836 strange
1297 3772 1339 3820 in:

801 3843 916 3896 Jahrbb.
929 3843 949 3892 f.
961 3841 1058 3892 Philol.
1071 3857 1097 3891 n.
1109 3841 1229 3906 Peedag.
1242 3840 1338 3906 Suppl.

802 3914 854 3966 111.
876 3929 902 3977 p.
921 3913 988 3972 001,
1008 3911 1101 3961 eodem
1122 3911 1242 3962 referens
1254 3909 1337 3960 Hero·

802 3985 859 4032 doti
873 3997 979 4047 quoque
998 3981 1071 4030 locos
1092 3982 1144 4042 LV,
1166 3979 1178 4028 1
1195 3972 1339 4046 (πρότεροι

802 4079 835 4088 -
849 4043 991 4114 ὑπῆρξαν,
1009 4051 1055 4100 ubi
1066 4049 1138 4102 coni.
1157 4048 1239 4113 nott.)
1251 4053 1278 4099 ei
1292 4051 1315 4098 V
1318 4049 1340 4112 1,

803 4121 853 4172 133
871 4114 1019 4186 (ὑπῆρξαν
1039 4111 1172 4182 πρότερον
1193 4112 1341 4184 στρατευό-

801 4189 912 4254 μενοι);
936 4204 1004 4255 quae
1028 4188 1182 4238 consimilia
1201 4188 1258 4239 iere
1277 4193 1341 4237 enni

800 4261 843 4324 iie,
854 4275 925 4324 qnae
938 4257 971 4309 nd
985 4258 1037 4320 111,
1051 4259 1081 4308 10
1093 4261 1189 4308 notate
1199 4261 1272 4308 eunt.
1300 4258 1340 4306 De

800 4329 940 4394 Aeginetis
959 4343 991 4378 ex
1007 4328 1096 4378 insule
1115 4327 1231 4392 posthae
1252 4326 1340 4393 puleie

800 4403 892 4448 narrat
906 4395 1079 4460 Thucydides
1091 4397 1130 4461 11,
1144 4397 1187 4448 27.
