2994 4972
210 345 251 410 et
647 339 912 404 HERODOTI

186 603 192 622 ι
211 531 320 611 γίνεαι
341 515 546 610 πρηγμάτων
566 513 725 604 ἀγαθοῖν,
746 518 803 584 καὶ
825 519 929 584 ταῦτα
948 504 986 583 εὖ
1006 515 1197 604 παραινέεις
1224 511 1345 599 πάντα,

212 624 300 714 πλὴν
318 628 386 692 τῶν
407 625 494 691 νετόν
507 623 567 688 τοῦ
586 616 743 707 ἀριθμοῦ.
777 615 851 688 ἀντὶ
874 619 910 688 δὲ
932 614 1050 687 ἑκατόν
1070 621 1158 686 νεῶν
1180 613 1351 704 διηκόσιαί

213 757 263 798 τοι
278 730 400 816 έτοῖμοι
415 730 546 794 έσονται
560 720 627 812 ἅμα
641 725 688 813 τῷ
702 730 783 810 έαρι.
811 727 865 790 det
878 721 914 790 δέ
928 719 1073 789 τούτοισι
1088 722 1143 791 καὶ
1156 717 1261 789 αὐτόν
1283 726 1345 806 βα-

167 829 309 902 32nte'e
331 831 536 899 συνέπαινον
555 834 720 913 γίνεσθαι.
748 821 783 892 Ὁ
804 824 866 912 μὲν
886 822 928 912 δὴ
940 822 1170 913 Ἀρισταγόρης
1184 817 1228 902 ὦς
1242 825 1347 892 ταῦτα

215 934 354 1024 ἤκουσε,
376 928 555 1022 περιχαρὴς
576 927 641 999 ἐόν
659 925 755 1014 ἀπήιε
776 929 808 1006 ές
822 933 985 1015 Μίλητον.
1018 923 1036 996 ὁ
1053 926 1090 995 δέ
1102 925 1336 1015 Ἀρταφέρνης,
1346 949 1402 1001 387

216 1035 260 1118 ὥς
269 1041 304 1106 οἱ
313 1041 480 1125 πέμψαντι
495 1037 528 1114 ές
537 1037 653 1102 Σοῦσα
667 1031 722 1099 καί
735 1024 917 1120 ὑπερθέντι
933 1029 972 1102 τὰ
986 1034 1022 1101 ἐκ
1037 1035 1096 1099 τοῦ
1109 1028 1346 1119 Ἀρισταγόρεω

214 1139 376 1230 λεγόμενα
396 1140 597 1216 συνέπαινος
615 1135 670 1206 καὶ
691 1129 791 1211 αὐτὸς
806 1143 949 1223 Δαρεῖος
970 1136 1119 1222 ἐγένετο,
1138 1132 1345 1222 παρεσκευά-

215 1265 295 1312 σατο
308 1243 370 1332 μέν
385 1247 555 1331 διηκοσίας
569 1237 732 1328 τριήρεας,
747 1233 872 1305 πολλόν
886 1237 1041 1327 dissipent
1055 1235 1172 1326 ὅμιλον
1185 1239 1347 1326 Περσέων

214 1348 322 1416 τεκαὶ
343 1351 412 1415 τῶν
431 1343 544 1412 ἄλλων
564 1339 765 1429 συμμάχων,
790 1339 975 1429 στρατηγόν
997 1340 1033 1409 δὲ
1059 1336 1347 1422 τούτων-ἀπέδεξε

215 1449 440 1537 Μεγαβάτην,
461 1443 569 1535 ἄνδρα
583 1447 719 1532 Πέρσην
737 1447 805 1512 τῶν
818 1440 1086 1532 Ἀχαιμενιδέων,
1101 1447 1228 1514 ἑαυτοῦ
1241 1470 1277 1512 τε
1290 1445 1347 1512 καὶ

215 1558 364 1639 Δαρείου
378 1547 529 1634 ἀνεψιόν,
544 1552 604 1618 τοῦ
616 1553 811 1634 Παυσανίης
825 1543 1091 1637 ὁΚίεομβρότεω
1101 1545 1344 1635 Λακεδαιμόνι-

215 1681 263 1741 ος,
271 1661 302 1722 εί
315 1651 355 1742 δὴ
368 1648 496 1740 ἀληθής
506 1654 546 1739 γέ
562 1646 771 1737 έστιόίόγος,
780 1647 907 1742 ὑστέρῳ
921 1649 1030 1743 χρόνῳ
1039 1649 1167 1721 τούτων
1180 1646 1345 1742 ἡρμόσατο

214 1822 374 1877 Artaxerxis
398 1824 470 1888 regis
493 1821 580 1873 literis
603 1823 637 1872 ad
653 1823 757 1888 Hippo·
806 1823 898 1872 vineta
912 1821 1054 1872 collocatis
1071 1821 1256 1886 imperitasse,
1269 1823 1346 1870 note·

215 1899 284 1949 erat.
319 1892 387 1944 Add.
403 1893 557 1945 Oasaubon.
574 1893 706 1943 Exercitt.
720 1893 756 1942 ad
806 1893 894 1942 vimus
905 1891 940 1940 ad
951 1893 982 1954 V,
996 1894 1039 1956 25,
1056 1892 1172 1956 indeque
1184 1889 1345 1955 colligimus,

214 1965 316 2016 Boron.
328 1962 406 2013 XIII.
417 1979 444 2028 p.
453 1962 534 2016 ew
561 1964 597 2013 W
601 1964 688 2012 eseel
694 1965 704 2011 i
709 1978 755 2027 πρ.
807 1962 833 2011 ei
846 1962 955 2011 minime
965 1977 1032 2026 opus
1041 1961 1127 2012 inisse
1139 1976 1156 2010 a
1168 1975 1232 2026 rege
1244 1965 1345 2024 patere,

215 2031 420 2092 Add.V11,l94.
438 2033 577 2083 Sententia
586 2031 639 2082 loci
649 2037 704 2082 aste
718 2033 756 2082 Τν
806 2036 837 2082 nt
858 2031 944 2096 copiis
961 2030 1076 2082 subditis
1095 2031 1131 2081 ad
1149 2029 1345 2095 expeditionem

215 2117 279 2167 qnae
297 2105 382 2167 repine
399 2103 537 2152 Persarum
562 2103 642 2152 domui
663 2103 756 2152 condu-
806 2100 925 2166 aliquam
936 2101 978 2150 uti
988 2100 1093 2163 liceret,
1106 2100 1154 2151 sed
1166 2100 1228 2164 hoo,
1241 2101 1344 2164 opinor,

214 2180 274 2221 eant
288 2173 395 2222 indicas.
422 2172 546 2238 Namque
562 2165 700 2236 ἐξηγητὴν
715 2169 756 2234 γί-
807 2177 898 2237 petere
916 2170 1033 2220 debebst
1050 2187 1067 2220 a
1087 2186 1164 2236 rega,
1186 2176 1217 2220 nt
1236 2169 1345 2219 omnino

213 2239 337 2306 γνεσθαί
342 2254 420 2297 τινος
430 2241 501 2292 idem
513 2247 555 2292 est
563 2245 645 2305 etque
655 2233 757 2304 ἐξηγεῖ-

215 2309 289 2360 σθαί
298 2326 339 2373 τι,
352 2327 495 2374 exponere,
515 2311 618 2368 ιίυττνι,
632 2312 754 2372 indicare,

216 2396 268 2446 quo
282 2381 382 2431 Noster
394 2382 480 2430 utitur
490 2381 574 2431 verbo
586 2380 636 2440 ΙΙΙ,
649 2382 691 2432 72.
706 2381 755 2440 IV,

214 2451 246 2513 9,
265 2449 340 2502 allbi.
376 2449 455 2500 Cous.
471 2465 554 2514 supra
569 2448 654 2499 allata
672 2448 707 2498 nd
721 2449 753 2509 V,

176 2532 178 2536 ·
214 2520 257 2572 23.
297 2519 351 2578 Sed
369 2521 416 2570 vix
434 2535 546 2571 neeesse
569 2525 611 2570 eat
630 2517 754 2583 pluribus

212 2589 281 2640 haec
295 2605 431 2654 exponere
442 2593 504 2653 post
516 2589 652 2652 egregiam
664 2585 754 2636 Ruhn-

213 2659 288 2708 lrenii
299 2658 512 2722 disputationem
525 2657 560 2706 ad
572 2657 679 2706 Timaei
688 2657 753 2705 Lex.

213 2727 320 2776 Platon.
338 2742 365 2789 p.
386 2725 434 2776 109
450 2724 526 2789 ae'qq.
545 2752 577 2761 -
603 2725 644 2775 Ad
659 2739 754 2777 vocem

211 2789 387 2842 συνέπαινον
400 2794 472 2844 conl.
487 2797 520 2858 V,
534 2791 567 2844 20
580 2794 671 2860 ibique
684 2797 753 2844 nott.

384 2963 450 3016 Cer.
467 2966 581 3016 XXXII.

248 3061 296 3116 καί
312 3059 465 3128 ὑπερθέντι
479 3061 513 3116 τὰ
525 3058 553 3116 έκ
568 3062 619 3115 τοῦ
634 3055 753 3128 Ἀριστα-

211 3129 300 3201 γόρεω
318 3131 464 3202 λεγόμενα]
486 3137 503 3186 i.
518 3153 541 3187 e.
555 3151 608 3185 eum
626 3139 754 3187 retulisset

212 3207 249 3256 ad
267 3221 363 3271 repens.
381 3223 446 3271 quoe
464 3207 495 3255 al
512 3209 665 3270 Aristaporn
680 3212 755 3255 erant

210 3276 287 3328 diota.
317 3277 472 3341 Exseripsit
482 3275 640 3326 Herodotea
652 3275 752 3326 SuIdas

211 3360 233 3394 s.
247 3361 273 3396 v.
284 3334 440 3406 ὑπερθέντι
453 3347 484 3396 Τ.
495 3345 545 3396 ΙΙΙ.
557 3361 583 3411 p.
597 3344 655 3411 543,
669 3360 751 3409 expo·

209 3429 278 3466 nens
292 3415 404 3466 verbum
418 3415 484 3468 hoe:
506 3406 661 3476 έξειπόντι,
683 3406 751 3462 ἀνα-

210 3480 421 3551 ιιοινωσαμένῳ.
461 3487 504 3535 Tu
524 3485 586 3535 vide
613 3485 646 3534 de
668 3483 750 3534 verbo

807 2240 987 2306 expeditionis
999 2240 1152 2291 istiusmodi
1162 2239 1346 2292 instituendae

806 2311 886 2374 eopia
900 2309 954 2374 ipsi
965 2309 1048 2360 fieret.
1059 2339 1093 2347 -
1105 2310 1138 2360 In
1150 2325 1225 2375 seqq.
1241 2303 1345 2372 συμμό-

806 2393 874 2444 γους
891 2379 960 2428 dixit
972 2378 1072 2430 milites
1086 2381 1176 2431 socios
1195 2380 1229 2428 ab
1241 2379 1344 2429 Ionicis

804 2449 964 2499 civitatibus
977 2447 1021 2500 vel
1038 2451 1129 2514 potius
1145 2465 1237 2500 earnm
1251 2453 1345 2512 tyran-

803 2518 846 2568 nis
860 2519 918 2582 regi
931 2518 965 2568 nd
980 2517 1051 2568 hano
1068 2518 1268 2584 expeditionem
1283 2519 1346 2567 mis·

804 2603 865 2646 sos;
881 2585 953 2638 oeni.
966 2588 999 2650 V,
1012 2588 1055 2640 37.
1084 2589 1143 2650 Quo
1155 2587 1248 2639 eodem
1257 2587 1344 2638 refero

804 2648 858 2720 τὴν
874 2647 951 2776 Ἰιὶῧδα
963 2653 1113 2725 στρατιὴν,
1131 2658 1208 2708 onius
1221 2656 1253 2707 tit
1270 2673 1344 2708 men-

805 2727 882 2777 tioV
927 2726 951 2778 3.

844 2763 1000 2861 οτράτηγὸν
1022 2789 1053 2844 δὲ
1079 2789 1188 2846 τούτων
1213 2786 1343 2860 ἀπέδεξε]

804 2857 913 2913 τούτων
938 2882 987 2930 pro
1013 2865 1087 2930 vulg.
1115 2857 1238 2914 τουτέων
1268 2881 1345 2930 repo·

805 2934 847 2984 sni
870 2949 930 2984 eum
953 2939 1068 2985 recenti.
1092 2934 1152 2984 edd.
1195 2933 1237 2984 Ad
1259 2935 1345 2999 ipsarn

803 3003 967 3054 locutionem
985 3005 1021 3054 Η.
1040 3007 1127 3068 Apetz
1153 3004 1260 3054 eonfert
1281 3004 1344 3067 VII,

804 3071 869 3124 236:
894 3071 945 3121 τοῦ
966 3069 1103 3122 ναυτικοῦ
1121 3073 1243 3136 στρατοῦ
1263 3085 1345 3137 στρα-

803 3133 887 3204 τηγὸς
906 3147 934 3193 et
949 3143 1033 3204 VIII,
1055 3142 1116 3192 102:
1143 3139 1195 3192 τοῦ
1208 3139 1345 3192 ναυτικοῦ

804 3205 1027 3276 στρατηγέοντες.
1055 3214 1098 3262 Tu
1112 3213 1174 3262 edd.
1191 3213 1239 3274 IV,
1253 3213 1302 3265 166
1318 3217 1345 3262 et

803 3279 836 3330 de
848 3281 930 3331 verbo
942 3273 1060 3341 ἀπέδεξε
1074 3287 1142 3332 nott.
1158 3281 1192 3332 ad
1206 3283 1239 3346 V,
1254 3283 1296 3332 ⁶25.

837 3343 863 3398 εί
873 3343 909 3414 δὴ
921 3343 1034 3415 οἷίηθής
1043 3343 1073 3416 γε’
1084 3341 1140 3400 έοτι
1151 3343 1166 3400 ὁ
1179 3343 1273 3416 λόγος]
1287 3341 1343 3399 ἐστὶ

802 3435 862 3470 enm
882 3419 1049 3486 Sehweigh,
1073 3421 1159 3472 Gaias.
1181 3426 1208 3471 et
1226 3427 1342 3475 reeentt.

802 3489 862 3540 edd.
893 3506 907 3540 e
933 3490 1088 3541 melioribus
1121 3491 1199 3542 oodd.
1228 3490 1342 3541 adseivi.

209 3543 396 3614 ὑπερτιθέναι
413 3560 481 3605 nott.
498 3553 533 3604 ad
546 3555 603 3617 ΙΙΙ,
623 3553 672 3604 155
687 3552 750 3604 noll.
802 3558 900 3609 Omisit
910 3559 1049 3610 Sehaeier.
1065 3560 1185 3626 itemque
1197 3559 1343 3612 Matthiae.

210 3621 245 3671 ad
257 3621 290 3686 V,
304 3625 346 3674 24.
363 3651 397 3660 -
419 3625 479 3675 Hoc
491 3639 556 3674 vero
575 3639 608 3674 ex
619 3623 752 3674 Herodoti
801 3628 902 3679 Incidit
922 3635 1012 3681 autern
1034 3629 1085 3679 hoe
1109 3630 1137 3679 in
1158 3645 1191 3680 es
1212 3636 1343 3696 tempera,

208 3689 269 3741 loeo
288 3691 359 3756 quod
374 3693 489 3745 Heeren.
507 3693 590 3744 Ideen
606 3697 658 3742 etc.
677 3693 704 3756 I,
725 3693 748 3743 1.
801 3713 872 3762 quae
889 3699 1022 3750 Herodoti
1047 3698 1183 3749 excedunt
1208 3700 1343 3750 narratio·

209 3775 236 3825 p.
253 3762 304 3811 504
320 3761 411 3827 colligi
424 3763 498 3826 vult,
519 3767 647 3826 satrapae
662 3763 750 3827 copiis
802 3783 871 3830 nem,
883 3768 911 3817 in
921 3769 1042 3819 anulii
1053 3783 1079 3821 a.
1089 3767 1189 3822 Chnn.
1204 3770 1341 3836 a.Olymp.

117 3834 121 3842 '
207 3830 291 3896 regiis
301 3833 342 3881 uti
352 3833 461 3883 minime
473 3833 558 3884 inisse
570 3832 685 3895 licitum,
696 3831 751 3882 nisi
800 3837 923 3900 LXXVI,
934 3839 956 3888 l.
964 3837 1025 3891 Vid.
1034 3837 1198 3890 Dahlmenn.
1207 3839 1309 3892 Herod.
1317 3855 1342 3904 p.

208 3915 271 3964 rege
283 3903 472 3966 permittente,
485 3905 530 3954 eni
542 3903 590 3952 uni
600 3901 693 3951 herum
706 3917 750 3951 co·
800 3905 843 3960 38.
877 3907 918 3958 Ae
930 3912 1067 3972 pertinent
1079 3907 1131 3959 huo
1145 3911 1343 3975 quammaxime

208 3971 314 4035 piarum
331 3973 463 4038 praefecti
487 3988 520 4023 ae
540 3972 623 4023 duoes
647 3970 749 4021 subditi
801 3991 850 4038 ea,
871 3993 940 4042 quae
956 3978 1116 4043 perscripsit
1131 3979 1307 4043 Thucydides
1319 3979 1343 4042 I,

207 4041 324 4106 fuerint,
355 4042 382 4093 id
405 4057 514 4106 vereor,
544 4047 575 4091 ut
598 4040 649 4090 hoe
673 4046 748 4091 certe
800 4046 849 4098 1²8
860 4047 893 4097 de
906 4047 1052 4111 Pausania,
1066 4037 1273 4113 ηοίέφιέμενος
1285 4042 1345 4098 Ἑλ.

206 4109 487 4177 loooproberiqueat,
499 4111 747 4175 assentientemque
798 4113 916 4178 ληνιιιῆς
932 4106 1020 4180 ἀρχῆς
1039 4133 1099 4167 enm
1115 4118 1259 4168 Persarum
1279 4133 1343 4184 rege

206 4193 279 4230 nuno
292 4182 401 4232 invenio
412 4179 681 4248 quoqueThirlwall:
698 4181 747 4231 Hi·
797 4187 931 4250 transegit
946 4186 1092 4252 literaeque
1113 4187 1149 4237 ad
1166 4189 1280 4238 enodem
1298 4189 1342 4236 de-

207 4251 284 4313 story
296 4251 326 4298 οΙ
336 4249 438 4302 Graece
452 4249 489 4300 11.
501 4248 635 4318 pag.188.
665 4250 747 4300 Nam·
798 4255 850 4315 dit,
880 4255 977 4320 quibus
1001 4257 1088 4320 ipsius
1116 4258 1188 4322 regit
1216 4255 1339 4322 (Xerxis)

207 4333 258 4382 qne
270 4317 466 4384 Artaphernem
486 4325 514 4371 et
532 4323 618 4386 ipsum
634 4319 747 4370 militari
796 4323 879 4374 liliam
894 4327 923 4374 in
936 4327 1136 4378 matrimonium
1153 4328 1206 4379 sibi
1219 4327 1280 4377 dari
1292 4341 1341 4376 vo·

205 4387 319 4454 imperio
330 4390 482 4456 praeditum
492 4392 578 4458 ceptis
588 4391 615 4440 in
626 4406 676 4442 sus
686 4405 746 4457 pro·
796 4392 848 4444 luit
866 4409 948 4462 aeque
965 4398 992 4447 et
1009 4395 1138 4464 Spartam
1158 4402 1185 4450 et
1207 4396 1340 4466 requnam
