2958 5010
499 355 767 418 POLYMNIA.
792 355 860 416 VII.
888 363 944 419 176.
1229 350 1290 410 719

161 528 273 621 θερμὰ
288 528 427 618 λουτρὰ,
449 528 489 598 τοὶ
503 529 655 619 Χύτρους
674 525 835 600 καλέουσί
851 534 885 597 οἱ
897 525 1082 616 ἐπιχώριοι,
1102 526 1158 594 καὶ
1179 521 1291 612 βωμὸς

164 733 238 782 tibus
252 732 368 782 advecta
379 733 505 796 terrbque
517 732 577 796 ipati
586 733 701 798 adgeetd
752 735 824 779 ctam
837 727 1043 793 dedicatamque
1052 724 1180 788 valuerit,
1194 729 1290 790 postea

164 803 284 852 locorum
300 803 701 866 sitummutatumatqucvlam
752 815 816 850 vero
843 797 913 848 aliorr
937 798 1019 847 etiam
1044 797 1072 846 iu
1093 797 1197 846 vicinia
1216 793 1290 844 locos

165 872 290 922 latiorem
302 869 406 920 iactam
420 886 480 922 esse
493 871 606 924 addunt.
641 872 701 921 Uno
753 867 895 934 complexa
908 868 955 917 ait.
975 865 1292 932 AtqueHerodotuaqui-

165 949 256 992 tamen
272 941 331 991 loco
349 941 436 990 adhuc
455 941 527 991 viam
542 948 598 991 tem
616 956 702 1005 augn-
751 940 811 990 dem
825 937 943 988 nominis
955 932 1232 1000 Xerooriustamsibi
1245 949 1290 984 ra·

164 1022 235 1061 atam
258 1025 317 1060 ease
337 1017 475 1072 asserunt,
496 1013 571 1062 saxis
592 1025 703 1076 praeru·
752 1010 854 1058 tiouenr
871 1005 1042 1068 reddiderat,
1066 1005 1093 1054 id
1115 1005 1187 1070 quod
1206 1004 1290 1066 verbu

163 1081 218 1146 ptis
241 1081 277 1129 ab
295 1095 359 1141 uua,
382 1079 528 1146 paludibus
547 1075 701 1132 ¹inaccessis
752 1079 882 1129 evincunt
904 1078 1006 1141 ipsius:
1033 1073 1082 1124 eorl
1099 1071 1192 1143 βωμὸς
1208 1072 1290 1136 ἵδρυ-

165 1151 200 1200 ab
213 1151 300 1200 altera
312 1156 390 1215 parte
407 1151 534 1212 cinctam,
547 1158 579 1200 ut
591 1152 637 1200 vix
648 1151 701 1200 duo
752 1147 829 1202 τοτ’·
848 1147 890 1196 De
904 1147 962 1211 ipro
974 1147 1067 1196 Attico
1083 1147 1164 1208 festo,
1187 1146 1231 1195 cui
1243 1158 1290 1194 uo·

165 1223 271 1286 equites
284 1220 365 1271 simul
379 1221 497 1288 transire
515 1222 633 1284 possint.
654 1219 702 1267 Ar·
752 1233 813 1268 uren
826 1208 954 1278 Χύτροτ,
975 1217 1044 1266 idem
1062 1216 1103 1264 vir
1118 1216 1214 1265 doctus
1230 1213 1290 1279 plu-

164 1289 253 1340 lirmat
263 1289 361 1340 Olarlre
375 1289 392 1339 1.
406 1288 422 1339 l.
435 1305 496 1354 pag.
510 1291 560 1339 247
574 1307 640 1356 seq,
656 1289 702 1352 qni
752 1301 783 1336 ra
796 1286 938 1340 disseritl.
951 1286 969 1337 l.
982 1301 1042 1352 pag.
1055 1289 1088 1336 47
1100 1301 1176 1350 seqq.
1195 1287 1289 1349 Aquae

166 1361 223 1424 ipse
231 1365 358 1425 expertus
368 1365 418 1418 eat,
426 1359 630 1424 periculumque
640 1359 704 1408 auh·
753 1357 835 1406 hasce
847 1354 952 1406 calidae
966 1355 1182 1421 praetereatnll.
1191 1354 1288 1414 LXVI,

165 1428 410 1484 litmaaimumhoc
423 1431 483 1494 ipso
493 1429 553 1480 loco
561 1445 615 1479 nou
623 1427 703 1480 valde
753 1427 787 1476 51
798 1433 826 1478 et
848 1425 972 1490 Sophocl.
993 1426 1121 1476 Trachin.
1144 1423 1194 1475 602
1207 1421 1288 1474 Both.

164 1507 266 1550 remoto
287 1499 322 1548 ah
346 1500 413 1562 ipaia
437 1501 559 1549 tontibus
580 1498 615 1548 ad
638 1497 704 1546 siui-
754 1495 805 1546 1533
821 1493 948 1546 Schneid.
962 1495 1073 1545 Pisand.
1088 1493 1290 1544 inSohol.Ari-

166 1569 322 1618 utramviae
332 1570 402 1617 aitis.
425 1568 594 1619 VidKruee:
609 1566 704 1617 Hellas
721 1577 723 1582 ’
754 1566 844 1630 steph.
857 1565 945 1616 Nubb.
964 1565 1029 1616 1052
1043 1565 1167 1614 indicant
1182 1578 1288 1629 quoque

166 1639 203 1701 ll,
219 1641 243 1688 2.
258 1653 283 1702 p.
301 1638 349 1689 129
363 1653 430 1701 aeq,
450 1639 644 1688 Vaudoucourt
654 1636 672 1686 l.
684 1635 702 1688 l.
719 1693 721 1698 ¹
754 1636 847 1685 Livius
865 1635 1003 1686 etStrabo
1016 1634 1034 1686 1.
1047 1635 1064 1686 l.
1079 1634 1229 1684 Prosiliuut
1241 1635 1290 1683 iati

167 1725 194 1772 p.
209 1707 261 1758 280
274 1723 331 1772 seq.
348 1707 555 1758 lllilliareuuum
570 1722 704 1758 uuuema-
754 1704 843 1755 fontes
861 1703 970 1769 paulum
990 1704 1025 1754 ad
1042 1705 1179 1754 sinistram
1191 1704 1288 1752 remoti

167 1791 195 1827 re
220 1792 237 1826 a
258 1777 383 1828 saucibus
401 1775 504 1827 distare
522 1778 618 1827 scribit
632 1775 704 1828 Dod-
754 1775 788 1824 ab
799 1774 1116 1838 eoloco,ubiT.urcarum
1128 1775 1287 1840 portorium,

168 1845 238 1897 well.
251 1846 269 1900 l.
288 1846 307 1900 l.
324 1861 350 1910 p.
371 1846 427 1896 1311.
754 1847 799 1894 cui
811 1857 882 1894 nune
896 1859 994 1894 nomen
1006 1846 1123 1908 Derueni,
1143 1843 1288 1894 admodum

754 1914 823 1965 clari
843 1919 870 1964 et
891 1913 1019 1976 sullurei,
1041 1913 1121 1964 calidi
1147 1928 1232 1979 usque
1252 1914 1288 1964 ad

201 1976 296 2049 θερμὰ
315 1975 428 2047 λουτρὰ,
446 1975 486 2032 -td
505 1975 635 2048 Χύτρους
657 1997 705 2030 aor-
754 1991 862 2034 centum
878 1989 1006 2049 quattuor
1020 1999 1054 2044 a.‚
1067 1983 1287 2045 utaliitradunt‚

167 2053 262 2104 λέουσι
283 2047 313 2104 ol
329 2044 489 2118 ἐπιχώριοι]
516 2051 648 2104 Euatath.
668 2052 704 2103 ad
754 2053 893 2119 usquead
912 2059 1018 2102 centum
1043 2053 1168 2103 undecim
1187 2053 1289 2117 gradus

168 2125 283 2190 Dionys.
299 2123 350 2174 437
367 2123 436 2174 hacc
449 2125 538 2174 citans
553 2123 634 2173 affert
645 2113 704 2171 Xo'-
753 2122 929 2184 Fahreuheit,
942 2129 972 2173 ut
986 2121 1211 2172 affirmatClarke
1221 2122 1289 2173 lan·

168 2209 251 2256 τρας;
275 2195 324 2244 aed
342 2187 474 2255 Χύτρους
498 2194 528 2259 (i.
548 2209 572 2244 e.
601 2192 704 2254 lebetes,
754 2210 804 2259 pra
824 2193 842 2246 1.
866 2207 965 2256 aquam
987 2193 1202 2257 impraegnatam
1229 2207 1289 2244 ease

168 2266 242 2326 odae,
255 2261 359 2327 Ir'easel)
381 2263 464 2313 habat
484 2278 589 2328 quoque
600 2263 706 2312 Pausa·
753 2279 867 2313 narrans
881 2262 1122 2323 carbonicoacido,
1135 2263 1218 2326 calce,
1230 2263 1288 2314 sale

168 2335 228 2382 niae
246 2333 293 2394 IV,
309 2333 351 2384 35.
377 2335 407 2385 ti:
441 2331 631 2397 γλαυκότατον
652 2324 704 2394 μὲν
755 2339 781 2384 et
799 2333 918 2394 sulfure,
936 2331 1004 2383 adeo
1021 2333 1289 2397 utquaecircumia·

168 2397 235 2452 οῖδα
248 2393 326 2466 ὕδωρ
339 2397 518 2466 θεάοαμευος
539 2398 571 2452 τό
587 2393 618 2450 ἐν
634 2399 704 2465 Oto·
754 2410 832 2462 cent,
856 2401 1005 2454 aullureum
1027 2403 1176 2468 praebeant
1193 2403 1289 2468 adspe-

167 2464 318 2537 μοτιύλαις,
336 2461 399 2522 οὔτι
409 2487 467 2522 που
482 2473 549 2534 πᾶν,
560 2461 618 2521 cill'
634 2462 704 2521 dcun
754 2478 836 2524 ctum.
855 2471 939 2522 Plura
950 2473 1038 2523 Kruae
1048 2470 1092 2521 l.l.
1104 2487 1130 2536 p.
1144 2473 1201 2533 130,
1217 2473 1290 2523 Vau-

167 2536 292 2592 τάτεισιυ
305 2535 333 2600 ἐς
351 2533 404 2606 τὴν
417 2536 639 2609 κολυμβήθραν,
655 2530 705 2606 ἢν·
754 2543 895 2593 doncourt.
909 2541 927 2592 l.
938 2540 955 2595 l.
970 2558 996 2608 p.
1004 2540 1052 2594 281
1066 2557 1124 2608 aeq.
1136 2541 1287 2605 etFiedler,

167 2629 231 2663 rere
242 2605 432 2678 ὀνομάζουσιν
446 2606 477 2663 ol
488 2605 636 2676 ἐπιχώριοι
647 2607 704 2660 Χύ-
754 2613 802 2664 alii
820 2628 904 2678 supra
915 2611 1035 2670 laudati,
1056 2613 1102 2678 qui
1115 2611 1147 2664 de
1160 2611 1287 2662 Thermo-

166 2681 455 2748 τρουςγυυαικείοοςε
480 2699 512 2734 ex
533 2699 586 2748 quo
601 2683 704 2732 Pansa·
753 2683 965 2749 pylisegeruut3
989 2682 1022 2732 de
1038 2682 1079 2732 hie
1097 2682 1287 2747 aquiscalidis

168 2754 230 2804 niae
248 2753 309 2804 loco
328 2753 400 2819 quod
421 2754 447 2802 iu
461 2753 594 2804 Herodoti
613 2753 703 2802 uerbis
753 2753 864 2818 scripsit
877 2753 1130 2818 quoqueLanderer
1138 2751 1202 2816 (Die
1213 2753 1289 2804 Heil-

168 2817 704 2889 poatXriroovoBurges(Prolegg.'lhu·
754 2821 859 2890 quellen
878 2826 905 2872 in
919 2821 1126 2879 Griechenluud.
1141 2823 1287 2888 Bamherg.

168 2893 248 2958 cydd.
268 2908 331 2958 pag.
351 2893 413 2956 317)
429 2894 514 2942 inseri
536 2893 595 2942 vult
608 2907 702 2955 γυναι·
756 2893 847 2957 1837),
873 2893 990 2943 calorem
1011 2891 1176 2942 adscendere
1202 2907 1288 2958 usque

168 2960 263 3017 κειόυς
277 2961 363 3025 [certe
376 2959 584 3027 γυναιτηΐοος],
602 2962 630 3012 id
645 2965 702 3028 qui·
752 2967 787 3015 ad
797 2964 995 3030 quinquaginta
1007 2963 1073 3012 duos
1084 2963 1186 3027 gradus
1196 2977 1289 3013 secun-

170 3031 229 3079 dem
242 3030 315 3080 haud
327 3032 638 3085 necessariumvidetur.
655 3035 703 3082 Se·
755 3035 816 3086 dum
827 3033 970 3086 Re'anmur.
982 3039 1097 3082 testans.
1120 3032 1174 3082 Hic
1185 3033 1247 3082 olim
1261 3034 1289 3082 in

169 3099 205 3148 tia
220 3113 285 3149 vcro
298 3105 416 3154 constat.
434 3099 486 3150 hoc
499 3101 704 3153 eodemuomine
755 3103 945 3156 Thessalorum
956 3103 1289 3168 ethlalieusiumgratiam

171 3167 242 3232 apud
254 3167 433 3218 Athenienses
446 3169 544 3219 festum
562 3187 621 3221 esee
636 3171 705 3222 cele·
755 3174 837 3224 cellas
848 3174 1054 3238 aegrotantibus
1065 3175 1219 3223 commodae
1228 3188 1289 3224 con·

171 3239 276 3286 braturn
289 3236 358 3300 (vid.
371 3236 445 3288 locos
458 3243 525 3288 vett.
538 3240 703 3304 aputeum
755 3245 822 3295 strui
843 3257 953 3292 curasse
976 3243 1109 3292 Herodem
1133 3243 1255 3294 Atticum
1274 3261 1289 3293 e

170 3307 317 3357 Hermann.
328 3307 534 3360 Gottesdieustl.
547 3309 662 3362 Alterth.
677 3311 703 3363 d.
755 3312 883 3362 Philostr.
905 3312 962 3362 Vit.
978 3311 1079 3360 Herod.
1101 3329 1127 3376 p.
1147 3313 1196 3363 551
1220 3312 1287 3380 [vit.

170 3375 278 3427 Griech.
300 3378 325 3438 ξ.
340 3374 375 3426 58
397 3381 453 3426 not.
466 3376 505 3439 2),
524 3379 619 3444 inquo
637 3379 705 3431 ollas
757 3381 874 3445 Sophist.
894 3381 932 3442 Il,
947 3381 970 3432 1.
983 3384 1007 3443 5.
1019 3380 1045 3446 b]
1062 3381 1167 3446 colligit
1175 3383 1289 3434 Valcke-

170 3447 351 3512 leguminibus
364 3445 462 3497 aliisve
479 3446 559 3498 rebus
571 3447 704 3500 similibus
757 3467 815 3501 nar.
839 3452 897 3501 Hos
910 3455 1000 3500 autem
1014 3451 1103 3502 fontes
1114 3453 1193 3502 tanta
1204 3467 1290 3520 aqua—

73 3517 76 3524 '
170 3517 288 3583 repletae
296 3515 349 3568 diis
359 3516 486 3568 offerrent
495 3532 528 3568 ac
540 3519 706 3572 dedicarent.
756 3537 814 3571 rum
834 3521 914 3586 eopia
937 3523 1080 3585 prevenire
1101 3522 1196 3572 scribit
1216 3525 1290 3574 Dod-

174 3589 286 3652 „Neque
306 3601 369 3638 vero
390 3586 442 3650 (ita
456 3587 553 3638 scribit
563 3589 705 3640 Fritasche
757 3591 827 3642 well.
849 3589 867 3639 l.
884 3590 902 3640 l.
920 3605 947 3654 p.
967 3589 1025 3652 139,
1040 3598 1071 3640 ut
1083 3593 1213 3642 contiuuo
1225 3593 1288 3644 iude
1373 3649 1376 3656 Α

173 3661 202 3707 iu
227 3657 391 3708 Commeutt.
413 3658 446 3708 de
470 3659 586 3710 Lenaeia
605 3659 706 3710 Atticis
757 3661 845 3727 plures
858 3659 1010 3712 efficiantur
1022 3661 1104 3712 rivuli
1114 3669 1289 3725 atorreutea,

173 3727 306 3777 Mentissa
330 3725 471 3793 [Roatoolr.
491 3727 568 3795 1837]
582 3745 645 3794 pag.
660 3728 706 3794 tt)
757 3732 804 3796 qui
815 3729 851 3781 ad
864 3745 937 3781 mare
951 3730 1079 3782 defluant.
1104 3733 1206 3783 Fontes
1221 3733 1289 3784 duoa

173 3795 220 3844 illa
233 3796 376 3848 dedicandi
394 3813 442 3863 per
456 3797 524 3850 ollas
539 3800 706 3850 consuetudo
756 3801 929 3866 potissimum
953 3815 1012 3852 ease
1033 3803 1080 3850 vix
1104 3801 1203 3866 viginti
1225 3818 1289 3868 pas-

173 3864 337 3916 Atheuarum
360 3869 482 3933 propria,
507 3869 554 3920 sed
574 3869 707 3922 Graeciae
757 3887 835 3922 sunm
851 3874 940 3936 spatio
959 3887 976 3920 a
996 3887 1026 3921 se
1041 3871 1175 3921 distantes
1194 3873 1290 3922 scribit

173 3936 706 4001 universae,utequidemarbitror,com-
758 3940 869 3992 Vischer
880 3939 924 3991 1.1.
935 3955 998 4006 pag.
1005 3941 1065 4002 1138,
1076 3957 1189 4005 quorum
1200 3956 1289 4006 aquae

172 4006 260 4056 munia
281 4006 342 4058 luit.
383 4009 613 4069 Quemadmodum
635 4011 706 4060 enim
757 4011 919 4062 coniunctae
943 4027 1004 4062 mox
1028 4010 1144 4061 rivulum
1168 4010 1289 4062 eiticiunt

172 4073 285 4128 Athenis
297 4077 354 4128 dice
368 4077 465 4142 leatus,
477 4079 518 4128 aie
529 4080 564 4130 ad
576 4080 706 4130 Thermo·
757 4079 854 4132 molam
868 4096 938 4132 nune
949 4087 1075 4146 agentem
1085 4087 1112 4129 et
1122 4079 1185 4130 iude
1195 4081 1230 4130 ad
1243 4096 1290 4144 pa-

171 4145 249 4210 pylas
262 4145 336 4198 locus
349 4162 426 4198 sacer
434 4149 484 4198 hoc
494 4152 602 4200 nomine
614 4149 706 4214 adpel-
756 4150 849 4212 ludes,
860 4165 931 4215 quae
940 4150 1103 4216 Spercheum
1112 4149 1290 4214 circumdant,

170 4217 244 4266 latua
264 4221 314 4278 est,
328 4217 427 4268 Herod.
439 4217 501 4280 VII,
527 4219 583 4270 176.
611 4221 706 4284 Neque
758 4235 831 4271 mare
850 4235 944 4270 verena
967 4219 1147 4271 delabentem.
1178 4221 1291 4272 Praeter

171 4286 242 4335 enirn
268 4287 409 4352 quisquam
442 4287 560 4338 monitus
585 4289 705 4354 negabit,
756 4290 860 4341 huncce
883 4288 1031 4340 rivulume
1054 4289 1151 4340 calidis
1169 4289 1289 4343 lontibus

171 4357 236 4420 qnia
246 4355 394 4420 adpellatio
407 4356 454 4406 illa
470 4352 576 4422 Xa'roor
591 4361 705 4424 primum
757 4365 845 4410 ortum
858 4357 926 4408 duos
940 4359 1008 4408 alios
1025 4358 1127 4410 rivulos
1141 4360 1289 4414 efaucibua

170 4425 249 4477 unice
263 4425 297 4475 ud
311 4425 437 4478 Herculia
455 4442 529 4480 aram
548 4428 587 4479 ibi
601 4433 706 4482 exstru-
756 4430 948 4497 provenientes
967 4435 994 4480 et
1008 4427 1070 4482 iude
1082 4430 1116 4482 ad
1128 4431 1220 4484 eadem
1232 4438 1289 4487 sta-
