3010 4966
220 325 280 388 116
650 321 917 386 HERODOTI

217 517 333 568 τουσι·
367 504 402 566 οί
421 496 458 566 δὲ
477 496 654 586 ἱπποβόται
672 501 845 568 ἐκαλέοντο
866 503 901 567 oi
918 501 1036 587 παχέες
1058 503 1124 567 τοῖν
1146 503 1350 569 Χαλκιδέων.

217 599 316 681 ὅσους
339 601 376 669 δέ
391 601 448 670 καὶ
468 599 597 670 τούτων
616 600 822 691 ἐζώγρησαν,
848 599 915 690 ἅμα
934 617 1019 671 τοῖσι
1035 606 1194 670 Βοιωτῶν
1210 606 1350 692 ἐζωχρρ·

217 709 347 796 μένοισι
362 703 452 792 ελχον
470 709 507 774 ἐν
522 710 675 794 φυλακῇ,
695 711 732 774 ἐν
752 709 867 784 πέδαις
892 704 1066 793 δήσαντες·
1094 705 1203 796 χρόνῳ
1226 706 1262 774 δὲ
1276 715 1351 775 ἐλυ-

186 817 189 824 ’
218 809 282 878 σόν
296 830 417 896 σφεας,
442 813 582 898 δίμνεως
602 807 890 899 ἀποτιμησάμενοι.
920 807 977 889 τὰς
1000 809 1035 878 δὲ
1050 812 1152 888 πέδας
1166 805 1294 896 αῦτῦν,
1316 813 1353 880 έν

219 918 294 1003 τῇσι
309 916 480 1000 ἐδεδέατο,
495 909 724 1002 ἀνεκρέμασαν
739 917 771 994 ές
784 910 845 1002 τὴν
859 909 1040 1002 ἀκρόπολιν
1049 967 1058 1000 ,
1075 917 1174 1000 αἴπερ
1188 919 1236 982 ἔτι
1250 915 1305 981 καὶ
1321 919 1353 994 ἐς

219 1017 274 1106 ἐμὲ
296 1007 382 1105 ἦσαν
401 1021 610 1106 περιεοῦσαι,
634 1017 837 1108 κρεμάμεναι
858 1020 894 1086 ἐκ
913 1019 1049 1104 τειχέων
1067 1021 1352 1106 περιπεφλευσμέ-

112 1233 115 1240 ,
220 1185 328 1235 nomine
348 1183 466 1234 vidimus
484 1185 688 1247 adv‚30.-
709 1177 759 1233 αῦ-
810 1181 1031 1232 Hemsterhueiue
1044 1182 1070 1230 in
1086 1186 1141 1232 not.
1156 1181 1190 1232 ad
1204 1180 1229 1231 h.
1243 1180 1261 1231 l.
1290 1183 1351 1233 Duo

217 1256 275 1302 'cciv
294 1259 322 1305 et
338 1246 447 1303 τούτων
462 1255 524 1306 dedi
544 1272 592 1321 pro
608 1249 717 1304 αῦτέων
733 1261 760 1304 et
810 1251 873 1300 libri
887 1250 1034 1316 depretias,
1051 1256 1091 1301 ita
1105 1263 1136 1302 ut
1147 1251 1352 1316 Schweighaeu-

217 1321 350 1374 τουτέων.
727 1349 729 1356 1
811 1337 871 1370 sero
886 1320 1043 1370 Herodotus
1063 1323 1206 1386 scripsisse
1226 1322 1352 1372 videnlur

254 1387 284 1442 ολ
295 1388 326 1443 δὲ
340 1385 497 1459 έπποβόται
511 1383 658 1442 ἐκαλέοντο
669 1385 697 1440 oi
710 1407 760 1440 πα-
810 1386 969 1452 διμναιόος.
993 1389 1083 1455 (Apud
1096 1391 1274 1440 Themistium
1289 1408 1350 1457 pag.

219 1459 278 1528 χέες
301 1461 358 1511 των
380 1456 562 1527 Χαλκιδέων]
602 1463 759 1526 „Equidem
811 1459 897 1510 2900.
915 1457 953 1524 [p.
970 1458 1034 1524 351,
1055 1462 1096 1512 15.
1112 1460 1291 1525 161)λιιδοι1.]
1308 1477 1352 1510 ex-

218 1548 272 1582 non
286 1533 381 1596 opinor
394 1533 432 1581 eie
452 1532 486 1580 nb
500 1531 641 1582 Herodoto
656 1533 760 1595 potuis·
811 1534 868 1577 stat
890 1526 1042 1592 deprecatos
1058 1536 1085 1580 et
1105 1531 1249 1594 μνααῖος.)
1278 1532 1350 1580 Neu-

218 1617 248 1651 ee
265 1601 365 1663 scribi,
383 1601 430 1650 eed
446 1601 563 1650 articulo
581 1602 681 1650 omisso
703 1596 759 1648 ίπ-
811 1605 880 1647 trum
903 1613 966 1648 vero
994 1597 1039 1648 λιλο
1059 1601 1143 1663 recipi
1170 1615 1270 1664 posse,
1304 1601 1352 1650 aed

219 1661 372 1736 ποβότωι
398 1663 437 1717 δέ
463 1659 537 1718 ἐκαλ.
561 1665 591 1718 oi
614 1685 680 1733 παχ.
703 1667 759 1718 τῶν
810 1683 892 1716 unum
905 1683 1000 1717 verum
1013 1673 1041 1718 et
1058 1668 1091 1718 ab
1104 1669 1244 1719 Herodoto
1263 1670 1352 1734 profe·
1418 1699 1422 1706 ·

220 1733 415 1791 Χαλκιδέων,“
450 1739 602 1789 Valcken.
636 1741 713 1802 Quae
733 1757 760 1790 e·
812 1733 1150 1800 ολιιιιιδι’μνεως,εοεοιιιιι
1164 1745 1293 1803 retracto,
1305 1740 1351 1790 do·

219 1808 358 1859 mendatio
389 1809 518 1858 audacior
542 1815 570 1859 et
595 1825 612 1857 a
636 1809 760 1874 vestigiis
812 1808 1059 1858 cuernntLobeek.
1078 1807 1269 1874 adPhrynich.
1288 1825 1349 1874 pag.

219 1893 293 1928 nunc
306 1877 415 1942 vulgati
426 1883 518 1928 textus
532 1877 640 1942 longius
655 1881 762 1929 recede·
811 1877 862 1928 554
875 1883 903 1926 et
915 1877 1030 1926 Bredov.
1047 1893 1109 1942 pag.
1126 1877 1183 1928 139.
1210 1879 1251 1929 Ad
1262 1881 1350 1944 λμεειιι

220 1964 248 1998 τε
264 1947 372 1998 ridetur
383 1948 508 2032 Hoegero
527 1949 566 1996 ita
583 1947 609 1998 h.
627 1948 645 1997 l.
661 1951 761 2000 consti·
810 1961 866 1995 rem
878 1946 946 1996 benc
961 1953 1052 1995 monet
1065 1947 1238 2013 wesseling„
1251 1965 1283 2000 ex
1296 1950 1351 1999 He-

219 2018 309 2066 tuenti
322 2005 345 2064 οἳ
353 2032 366 2073 ς
383 2009 420 2065 δέ
437 2009 614 2082 [ιπποβόται]
633 2009 760 2068 έκαλέον-
813 2017 869 2065 rod.
883 2017 930 2077 Vl,
945 2017 977 2066 lt)
990 2016 1068 2066 binae
1083 2018 1172 2067 minas
1185 2021 1257 2082 apud
1267 2018 1351 2069 Grae-

218 2101 250 2136 το
262 2080 292 2134 oi
302 2080 403 2150 παχέες
417 2083 473 2134 τῶν
485 2083 662 2152 Χαλκιδέων,
677 2090 717 2138 ite
729 2093 761 2138 ut
811 2101 858 2135 cos
869 2084 986 2136 solemne
997 2088 1025 2134 in
1037 2087 1158 2150 singulos
1172 2089 1297 2152 captivos
1310 2104 1351 2138 re-

219 2171 272 2206 vox
284 2147 439 2222 ίπποβόται
454 2171 486 2206 ex
500 2156 603 2206 acholio
617 2158 760 2207 intextum
812 2154 976 2218 demptionis
988 2157 1106 2221 pretium
1121 2157 1218 2210 suisne.
1246 2157 1288 2207 Ad
1303 2173 1350 2207 no-

219 2225 364 2290 irrepaiese
389 2225 568 2280 existimetur.
599 2226 660 2276 Vid.
685 2229 758 2277 Actt.
811 2230 895 2274 elram
918 2231 1051 2274 monetam
1078 2226 1101 2274 ελ
1122 2228 1309 2290 revocaveris,
1336 2244 1350 2277 o

219 2293 458 2360 philoll.lllonnec.
479 2297 533 2345 ΙΙΙ.
554 2311 580 2359 p.
600 2297 659 2346 495,
690 2297 760 2346 Mihi
811 2294 926 2342 Wurrnli
945 2295 1098 2344 rationibus
1118 2296 1350 2346 er·unl8llfl0reni

218 2364 329 2429 vulgata
350 2371 489 2429 praestare
508 2365 629 2428 videtur,
656 2366 685 2414 in
706 2381 760 2432 qun
810 2363 844 2412 52
863 2365 964 2428 crncig.
985 2364 1042 2414 eive·
1061 2366 1095 2416 48
1114 2364 1211 2416 thaler.
1231 2367 1349 2431 ogr-ose.

218 2449 288 2499 quoe
307 2434 344 2482 eit
361 2435 470 2484 articuli
488 2435 545 2496 vie,
574 2435 642 2485 bene
665 2435 759 2485 docuit
810 2431 908 2482 Saron.
946 2433 1224 2496 AFebioMenimo‚
1246 2447 1277 2486 ut
1299 2436 1349 2486 hoc

217 2503 391 2555 Hertleininr
409 2503 565 2554 Observatt.
579 2505 653 2554 critt.
668 2505 696 2553 in
706 2507 759 2554 Xe·
809 2501 921 2564 addam,
934 2503 1069 2554 Romanoa
1084 2505 1119 2553 ab
1133 2505 1286 2556 Hannibale
1307 2521 1350 2556 cn·

217 2573 347 2637 nophont.
362 2573 510 2625 Hellenicc.
520 2573 571 2624 111.
587 2573 633 2639 (W
635 2573 756 2624 ertheim.
808 2576 870 2635 ptos
882 2573 1038 2632 redimente,
1054 2573 1189 2624 debentur
1204 2576 1232 2624 in
1243 2575 1351 2640 singula

219 2641 296 2706 1845)
309 2651 372 2706 pag.
392 2642 436 2702 16,
448 2642 588 2705 vulgatam
602 2647 629 2691 et
642 2644 700 2706 ipse
718 2660 758 2694 re·
808 2643 900 2706 capitu
916 2647 984 2692 terte
999 2643 1145 2694 Plutarcho
1166 2646 1194 2694 in
1204 2646 1282 2695 Fabii
1295 2647 1348 2696 Vit.

216 2711 355 2760 tinendnm
374 2715 465 2767 rotun,
485 2725 565 2774 qnam
586 2713 697 2762 eandem
716 2730 758 2763 re·
808 2726 868 2774 cup.
888 2713 902 2759 7
920 2712 1042 2762 διιττιιλιιτ
1057 2715 1236 2779 ραίιιραιιρλιιλο
1254 2713 1349 2765 drach·

217 2779 352 2828 centioree
374 2793 481 2842 quoque
501 2781 561 2831 εδδ.
577 2783 755 2834 retinuerunt.
807 2795 882 2839 ωοος
912 2797 980 2845 quae
1008 2798 1112 2833 enmme
1141 2785 1250 2834 excedit
1278 2799 1349 2847 eom,

251 2837 281 2894 ἐν
300 2843 400 2902 πέδαις
425 2841 580 2912 δήσαντες]
607 2841 637 2896 έν
657 2849 757 2909 πέδαις
807 2864 877 2912 qnae
897 2851 970 2915 apud
985 2853 1105 2904 Graecos
1123 2852 1253 2920 invaluit,
1274 2855 1350 2904 dimi-

216 2929 264 2979 pro
277 2915 350 2980 vulg.
364 2906 494 2972 leutitiae
507 2933 521 2967 o
537 2917 673 2968 Sancrolti
685 2920 755 2971 libro
807 2918 851 2968 dio
864 2921 961 2970 minae.

216 2984 325 3050 alioque
341 2983 401 3036 cod.
416 2987 528 3050 reposui
539 3002 599 3037 cnm
614 2988 710 3039 Mmth.
729 2995 757 3041 et
842 2979 1037 3053 ἀνεκρέμασαν
1059 2983 1086 3048 ἐς
1104 2983 1156 3056 τὴν
1174 2983 1348 3058 ἀκρόπολιν]

216 3053 371 3106 Schnelero.
398 3056 473 3106 Hinc
487 3061 561 3107 recte
575 3072 635 3108 mox
651 3051 666 3106 ἐ
670 3073 686 3106 ν
699 3057 739 3124 τῇ
747 3091 757 3100 -
807 3058 847 3106 De
861 3061 1065 3124 praepositione
1078 3055 1119 3118 είς
1132 3062 1194 3112 huic
1208 3062 1290 3113 verbo
1302 3064 1349 3112 ad-

216 3135 247 3172 σι
264 3115 408 3188 ἐδεδέατο,
425 3130 457 3176 ut
471 3127 499 3189 Ι,
511 3126 559 3189 66,
577 3127 624 3176 ubi
637 3128 672 3180 ef.
687 3134 755 3181 nott.
808 3127 865 3176 dite
876 3144 929 3178 non
940 3130 1019 3179 aliter
1028 3135 1110 3194 atque
1122 3132 1211 3183 rerbie
1222 3131 1348 3196 κεῖσθαι,

214 3193 279 3257 Ipsa
292 3210 357 3246 vero
369 3195 436 3246 haee
449 3196 560 3246 vincula
572 3197 599 3246 in
614 3213 677 3248 arce
690 3199 756 3250 fuir·
807 3192 992 3262 καθέζεσθαι,
1019 3200 1080 3249 aliis
1100 3201 1136 3250 ολ.
1152 3201 1281 3252 Knehncr
1299 3202 1346 3252 Gr.

214 3276 244 3312 se
259 3266 512 3344 eurpeneQSehol.
527 3268 655 3318 Aristidis
671 3270 757 3319 trudit
807 3268 852 3318 Gr.
873 3271 896 3329 ἓ.
914 3267 1012 3346 θλλχλι.
1037 3269 1114 3353 Ιιχίιμ
1129 3271 1166 3332 V,
1184 3271 1217 3322 95
1235 3265 1348 3332 ἀνεκρέ-

214 3333 385 3460 κτιλ..
403 3331 605 3464 airzei}
620 3339 756 3472 λικιι
805 3337 1260 3473 rrrtrrnmrrn
1274 3341 1347 3474 ,τε

214 3485 258 3529 τες
273 3467 320 3520 καλ
336 3464 439 3530 ὁποίας
452 3467 659 3540 (ἐπαινήσαντες
674 3477 756 3536 δίκας
806 3475 858 3532 (ita
870 3476 932 3526 dedi
946 3493 992 3542 pro
1005 3471 1084 3541 ἔσαν)
1097 3475 1261 3541 περιεοῦσαι
1273 3482 1348 3530 eimi-

214 3537 262 3590 καλ
282 3535 441 3599 Χαλκιδέας
463 3541 514 3607 τῆς
536 3540 626 3610 αὐτῆς
650 3539 754 3611 ἡμέρας
804 3544 843 3595 lia
859 3547 992 3610 quaedam
1013 3549 1146 3598 excitavit
1161 3547 1293 3599 Valcken.
1314 3565 1347 3600 ex

213 3603 363 3675 ῦνέδησιίν
376 3625 404 3659 τε
417 3605 468 3668 τὰς
480 3607 568 3670 πέδας
580 3604 611 3662 ἐν
624 3615 659 3682 τῇ
670 3608 754 3680 rinpo-
805 3616 906 3666 Herod.
919 3618 939 3676 l,
949 3618 992 3668 66.
1007 3617 1045 3678 ΙΙ,
1063 3617 1117 3669 181.
1135 3618 1182 3678 IV,
1195 3619 1252 3668 121.
1268 3620 1347 3682 VIII,

212 3675 307 3742 πόλει,
328 3673 375 3737 αἶς
392 3677 459 3738 τοὺς
475 3676 668 3746 αίχμαλοίτους
689 3679 752 3751 loq·
804 3685 847 3737 39.
871 3686 941 3738 Add.
959 3685 1049 3738 Schol.
1063 3687 1176 3738 Arietid.
1190 3687 1208 3737 l.
1222 3688 1239 3737 l.

213 3763 281 3811 σαν,
297 3746 343 3799 καλ
362 3747 486 3827 χαλκοῦν
505 3748 668 3815 τέθριππον
682 3746 754 3806 αἰπό-
833 3747 863 3804 ἐκ
874 3750 987 3820 τειχέων
998 3755 1283 3821 περιπεφλευσμένων
1293 3775 1345 3808 πν-

212 3832 286 3868 τισιν
301 3816 358 3867 τοῖν
372 3820 489 3880 λντρων.
516 3823 593 3883 Quae
606 3825 699 3874 eadem
714 3831 754 3875 et·
804 3819 843 3890 ρλ]
854 3825 958 3876 Maenio
968 3826 1097 3890 intelligit
1106 3827 1197 3876 odanto
1207 3831 1272 3892 ι’ριιτ,
1282 3844 1345 3878 narn

213 3891 266 3940 iam
280 3890 454 3953 proteruntur
465 3905 490 3952 p.
505 3891 564 3941 351.
577 3918 609 3927 —
624 3893 665 3943 Ad
681 3895 753 3945 dati-
804 3911 821 3942 a
834 3897 914 3946 verbo
932 3891 1094 3961 περιφλεῦω
1107 3897 1215 3947 ducitur
1230 3911 1332 3962 περιπε

212 3975 274 4012 vnrn
288 3951 380 4025 χρόνῳ
392 3958 428 4010 ολ.
449 3959 500 4021 ΙΙΙ,
519 3958 558 4010 13.
803 3962 1001 4029 φλιυσμένων,
1016 3966 1086 4030 qnod
1102 3967 1197 4022 Pauw.
1209 3972 1344 4026 *mutatum

255 4025 375 4090 δίμνεως
396 4019 663 4096 ἀποτιμησάμενοι]
690 4033 706 4084 i.
728 4050 751 4085 ε.
803 4034 899 4084 meluit
912 4031 1227 4100 λῃπεριπεφλυσμένων,
1243 4038 1347 4090 obdri-

211 4115 254 4150 τοι
273 4099 418 4150 dimiserunt
437 4097 501 4148 binio
521 4099 591 4149 minin
610 4103 752 4152 aestimatos
803 4103 928 4168 etoplren.
944 4105 1014 4154 Nub.
1032 4105 1099 4168 395,
1119 4106 1167 4156 nbi
1186 4101 1344 4170 περιφλύει.

211 4183 233 4217 ιι.
242 4170 419 4232 redemptionis
425 4172 509 4232 pretio
517 4168 752 4222 binarumminnrum
803 4173 866 4224 Sine
881 4176 954 4225 iuste
965 4190 1057 4240 cauea,
1071 4177 1175 4240 opinor,
1186 4193 1248 4226 cum
1258 4178 1346 4228 Hero-

210 4239 358 4300 ι’πελιιριιλοε
377 4241 518 4290 constitute.
554 4235 673 4301 διμνέως
693 4241 751 4306 ρλιι-
802 4244 1345 4312 dotuseundeminhocverborequatnr

208 4319 252 4355 roe
264 4307 380 4358 efferunt
395 4309 489 4373 codd,
510 4307 580 4360 unde
594 4309 689 4360 Pollux
701 4313 750 4375 IX,
802 4315 934 4365 rationem
958 4320 1042 4382 atque
1059 4317 1088 4366 in
1107 4317 1190 4368 verbo
1207 4308 1342 4380 κελεῦειν,

208 4373 242 4424 65
265 4377 336 4426 citet
358 4375 477 4444 δίμνως,
512 4379 583 4446 quod
608 4383 750 4446 proposuit
801 4383 1041 4450 cuiueperfectnm
1060 4386 1166 4453 passivi
1185 4387 1341 4453 parimodo

137 4840 306 4932 γΑ
