2986 5014
211 265 272 330 822
603 271 874 333 EXOURSUS
898 271 940 332 Vl

210 445 242 498 Α.
254 445 443 497 Westermann
466 443 511 496 in:
531 443 691 498 zeitschrift
704 445 725 496 f.
737 443 982 498 Alterthumswiss.
1000 447 1076 500 1840.
1094 463 1137 498 nr.
1156 447 1205 500 132
1219 464 1301 516 seqq.
1318 453 1347 498 et

210 531 254 583 W.
271 531 416 582 Hoffmann
429 530 455 582 in
478 547 576 599 opere:
598 530 650 584 Die
668 530 740 582 alten
754 531 937 601 Geographen
955 529 1011 582 und
1029 531 1073 582 die
1088 529 1141 582 alte
1153 531 1344 600 Geographie.

209 615 279 668 Eine
297 615 456 667 zeitschrift
471 621 522 668 etc.
538 615 669 686 (Leipzig
687 615 766 682 tata)
781 617 819 668 11.
835 633 898 686 pag.
915 619 1021 686 lseqq.
1039 615 1138 668 additis
1155 615 1345 668 adnotationi-

209 701 270 766 bus,
287 701 314 753 in
332 701 432 770 quibus
449 701 518 753 ratio
535 701 627 754 habita
646 709 691 754 est
705 717 814 768 eorum,
836 717 907 772 quae
929 709 957 754 et
971 700 1119 752 Prokesch.
1142 707 1171 752 et
1185 699 1269 752 Roas.
1290 700 1309 752 l.
1324 701 1343 752 l.

209 793 398 856 exposuerunt
424 787 491 854 (vid.
514 803 541 854 p.
563 790 596 841 37
617 789 708 856 seqq.)
726 794 754 838 et
778 804 849 856 quae
865 787 898 839 de
917 803 1011 856 pogna
1026 785 1199 838 Marathonia
1214 785 1343 854 disputa-

209 871 250 922 rit
275 871 308 922 C.
335 887 359 922 o.
391 869 519 924 Minutoli
544 871 586 923 in:
608 871 768 924 zeitschrift
791 871 836 924 fair
855 871 963 938 Konst,
983 871 1188 923 wissenschaft
1208 871 1264 923 und
1283 873 1342 923 Ge·

209 955 329 1008 schichte
341 956 368 1007 d·
381 956 481 1024 Kriegs
491 959 566 1010 1839.
581 958 648 1008 fasc.
667 956 714 1009 vt.
728 975 754 1026 p.
767 959 818 1010 atu
830 967 907 1026 seqq.
924 961 1002 1026 (pag.
1019 959 1053 1009 hd
1068 955 1177 1025 seqq.);
1194 973 1243 1008 nec
1258 955 1343 1007 deest

209 1041 356 1094 delineatio
382 1042 504 1110 regionis
528 1041 727 1094 Marathoniae.
777 1042 829 1094 His
852 1040 971 1111 denique
1000 1041 1063 1092 addi
1085 1049 1216 1110 poterunt
1245 1049 1272 1093 et
1297 1058 1340 1106 es,

209 1143 279 1196 quae
294 1126 328 1178 de
344 1144 437 1196 campo
452 1125 625 1178 Marathonio
638 1125 796 1178 observavit
812 1125 980 1194 fridericus,
995 1125 1197 1178 illustrissimus
1209 1125 1340 1178 Austriae

208 1211 355 1278 archidux,
383 1213 462 1264 cuius
477 1211 682 1264 commentarios
698 1211 813 1280 protulit
830 1211 983 1278 Bergmann
1010 1210 1037 1262 in
1054 1209 1162 1280 Opere:
1190 1209 1339 1262 Medaillen

208 1297 363 1349 bertihmter
387 1297 504 1349 Miinner
519 1296 680 1349 Oestreiohs
704 1305 755 1348 etc.
786 1295 845 1346 Vol.
863 1296 900 1347 ll.
918 1315 945 1365 p.
961 1298 1012 1354 510
1027 1313 1121 1365 seqq„
1148 1301 1176 1346 et
1197 1313 1244 1362 ea,
1268 1312 1341 1364 quae

207 1381 321 1433 tradidit
336 1381 464 1444 Vischer,
482 1381 528 1450 qui
545 1398 633 1450 nuper
647 1381 715 1434 hanc
732 1381 871 1448 regionem
889 1379 1076 1450 perlustravit,
1091 1379 1119 1431 in
1136 1397 1233 1448 opere:
1255 1381 1339 1432 Erin-

208 1483 349 1534 nerungen
378 1483 427 1518 aus
453 1465 654 1518 Griechenland
680 1473 733 1518 etc.
760 1483 823 1534 pag.
849 1469 882 1519 72
911 1483 986 1536 seqq.
1013 1463 1144 1516 Pluribus
1159 1465 1279 1534 deniqne
1305 1465 1341 1518 de

208 1551 321 1618 regione
336 1551 509 1602 Marathonia
530 1567 678 1621 pugnaque
697 1551 736 1603 ibi
753 1551 895 1603 commissa
909 1550 1043 1603 disseruit
1057 1551 1159 1601 Grote:
1175 1549 1291 1617 History
1311 1551 1345 1603 of

207 1635 314 1688 Greece
330 1635 377 1687 lV.
395 1653 457 1704 pag.
473 1638 524 1688 465
540 1653 618 1705 seqq.
634 1637 685 1690 483
702 1654 781 1706 seqq.

291 1720 333 1772 Ex
350 1719 425 1772 hisce
440 1720 561 1772 virorum
576 1721 715 1774 doctorum
733 1721 1014 1786 commentationibus,
1030 1736 1100 1788 quae
1116 1719 1149 1770 ad
1166 1719 1340 1772 Herodotum

204 1804 397 1858 illustrandum
412 1807 503 1858 facere
522 1813 653 1875 possunt,
669 1808 765 1876 paucis
788 1806 973 1875 proferamus,
996 1804 1112 1875 reliquis
1133 1803 1234 1857 missis.
1280 1804 1340 1867 Qui

206 1889 315 1960 quidem
330 1891 382 1943 viri
399 1891 472 1943 docti
488 1909 580 1942 ornnes
595 1891 653 1944 fere
667 1889 863 1958 consentiunt,
879 1891 948 1942 hanc
973 1889 1111 1958 regionem
1128 1897 1241 1959 propter
1254 1891 1340 1942 maris

206 1975 294 2028 sinum
307 1975 423 2028 navibus
434 1976 595 2028 commodum
608 1977 769 2046 praebuisse
782 1975 878 2042 locum,
894 1975 920 2026 in
934 1991 988 2045 qun
997 1991 1081 2027 naves
1093 1974 1131 2026 ita
1139 1974 1339 2041 subsisterent,

205 2067 238 2112 nt
253 2061 347 2130 copiae
362 2061 441 2113 simul
456 2061 528 2114 facili
547 2061 655 2128 negotio
674 2063 700 2113 in
718 2069 817 2114 terram
832 2059 1025 2124 educerentur,
1039 2059 1179 2130 ipsamque
1197 2057 1339 2128 planitiem

204 2145 283 2197 talem
304 2165 374 2205 esse,
390 2147 417 2198 in
435 2163 488 2216 qna
502 2146 649 2199 Persarum
663 2147 766 2216 copiae,
786 2145 892 2214 equites
906 2145 1084 2215 praesertim,
1106 2146 1178 2197 bene
1199 2144 1227 2196 in
1252 2145 1338 2198 aciem

204 2231 319 2299 produci
335 2231 484 2300 potuerint.
523 2233 599 2284 llaec
618 2227 757 2301 planities,
774 2233 949 2286 Marathonio
966 2246 1036 2300 quae
1052 2229 1160 2296 dicitur,
1179 2229 1341 2283 extenditur

203 2315 230 2367 in
254 2315 451 2383 longitudinem
472 2317 505 2386 (i.
535 2335 558 2368 e.
580 2333 597 2368 a
619 2317 807 2385 septentrione
827 2316 859 2367 nd
883 2315 1034 2382 meridiem)
1055 2313 1169 2367 duarum
1189 2313 1234 2366 rel
1254 2315 1338 2367 trium

204 2401 331 2452 horarum
347 2401 446 2470 spatio,
462 2401 489 2452 in
506 2400 675 2454 latitudinem
688 2402 721 2472 (i.
737 2421 762 2454 e.
779 2420 794 2452 ιι
809 2402 874 2453 muri
893 2400 1059 2452 occidentem
1075 2417 1175 2452 versus
1190 2407 1219 2452 et
1232 2399 1335 2452 intror-

203 2486 277 2551 sum)
293 2486 339 2538 vix
358 2486 440 2538 unios
456 2487 538 2539 harae
557 2487 672 2556 spatium
694 2487 739 2538 illa
754 2487 883 2556 complet:
907 2503 991 2554 rupes
1016 2485 1087 2537 enim
1109 2493 1271 2555 montesque
1288 2503 1335 2538 es-

203 2577 339 2638 surgunt,
356 2570 456 2640 quibus
472 2569 600 2641 planities
619 2573 684 2624 haec
701 2589 716 2623 a
735 2571 839 2643 reliqna
857 2571 960 2637 Attica,
977 2570 1106 2640 adquam
1122 2570 1187 2622 inde
1208 2569 1336 2623 difficiles

202 2673 252 2726 per
264 2658 359 2708 fauces
375 2655 482 2720 aditus,
506 2663 664 2725 separatur:
690 2675 705 2708 a
726 2656 916 2726 septentrione
931 2654 1053 2724 planitiei
1075 2655 1234 2708 extenditur
1254 2655 1336 2722 palos

203 2741 247 2793 vix
264 2741 435 2811 permeandrq
453 2759 469 2792 a
483 2742 593 2793 meridie
608 2741 749 2794 invenitur
763 2741 848 2793 altera
863 2740 951 2809 palus,
964 2739 1013 2791 sed
1029 2739 1110 2809 longe
1124 2741 1212 2792 minor
1223 2741 1335 2804 ambitu,

200 2823 333 2895 reliquum
350 2827 467 2894 spatium
483 2826 608 2878 obtinent
622 2826 715 2878 colles.
739 2827 817 2878 [nter
831 2826 901 2877 hanc
918 2831 1061 2894 utramque
1080 2824 1204 2895 paludem
1229 2833 1335 2877 montes

201 2927 318 2962 acmnre
334 2927 404 2979 qnae
431 2911 484 2960 sita
507 2917 588 2976 sunt,
615 2927 781 2980 enprorsus
807 2909 887 2980 plana
913 2927 944 2962 ac
970 2911 1044 2962 nuda
1069 2917 1136 2962 sunt
1160 2908 1333 2979 prorsusque

115 3027 119 3035 ·
201 2996 310 3048 deserta
326 3011 399 3046 nuno
413 2993 602 3060 inveniuntur,
618 2995 742 3064 quamvis
758 2995 819 3047 olim
835 2997 904 3048 bene
919 2994 1009 3048 culta:
1024 2995 1092 3047 adeo
1108 3001 1140 3046 nt
1154 2994 1261 3048 tristem
1276 3003 1334 3046 tota

200 3080 277 3147 regio
296 3095 369 3130 nunc
383 3079 514 3146 praebent
527 3079 695 3150 adspectum.
740 3083 782 3134 Ex
802 3081 897 3134 mediis
912 3082 996 3133 ferme
1013 3080 1158 3143 montibus,
1176 3080 1223 3149 qui
1238 3080 1271 3131 ab
1289 3097 1330 3131 oc-

200 3181 264 3216 casu
281 3163 419 3232 planitiem
436 3165 561 3232 cingunt,
578 3167 731 3236 prorumpit
745 3165 905 3218 Charadrus
919 3163 1026 3218 rivulus
1047 3163 1220 3235 pervellem,
1236 3164 1333 3234 inqua

200 3265 273 3302 nnnc
286 3247 358 3300 iacet
374 3249 460 3317 vicus,
476 3251 524 3319 qui
540 3267 555 3302 a
568 3257 662 3304 vetere
677 3251 841 3304 Marathone
856 3251 944 3302 adhuc
958 3251 1073 3303 retinnit
1085 3267 1199 3314 nomen,
1216 3249 1250 3301 ab
1272 3249 1332 3319 ipsa

199 3332 313 3404 planitie
338 3334 462 3387 nonnihil
477 3335 584 3388 distans
603 3343 631 3388 et
652 3337 783 3406 utrinque
800 3336 940 3388 montibus
956 3333 1096 3399 inclusns;
1112 3341 1227 3386 vocator
1243 3343 1332 3386 autem

197 3412 212 3472 ὁ
237 3421 432 3488 Μαραθῶνας.
477 3421 533 3483 Qui
555 3421 631 3473 locus
651 3439 710 3474 cum
732 3439 748 3472 a
771 3419 942 3473 meridionali
963 3419 1087 3490 planitiei
1113 3425 1205 3489 parte,
1229 3420 1257 3472 in
1277 3435 1332 3489 qna

199 3521 265 3556 sane
281 3522 374 3574 pugna
388 3506 531 3557 commissa
542 3513 593 3572 est,
610 3506 720 3574 longius
735 3507 833 3558 abesse
848 3505 999 3565 videretur,
1014 3511 1132 3556 veterem
1145 3503 1332 3556 Marathonem

199 3607 252 3642 non
270 3609 302 3642 eo
324 3589 398 3654 loco,
422 3607 477 3657 qno
501 3592 640 3644 recentius
664 3591 791 3660 oppidum
810 3597 978 3642 exstructum
992 3595 1049 3655 est,
1072 3588 1168 3657 quaeri
1184 3589 1333 3641 voluerunt

200 3675 252 3728 viri
277 3675 360 3740 docti,
389 3673 437 3726 sed
466 3677 581 3746 propius
607 3693 662 3728 eom
691 3675 812 3744 planitiei
832 3681 950 3742 partem,
977 3674 1004 3724 in
1032 3689 1085 3742 qua
1110 3679 1330 3740 pugnatumest,

198 3761 319 3814 iacuisse
335 3759 546 3827 contenderunt,
563 3761 634 3813 haud
651 3761 746 3832 procul
762 3778 778 3812 a
793 3759 908 3812 collibus
923 3757 1059 3812 meridiem
1079 3773 1176 3809 sersus
1192 3757 1332 3826 planitiem

198 3845 384 3914 cingentibus.
430 3845 494 3910 Quo
510 3845 568 3897 loco
585 3863 644 3899 cum
659 3845 813 3915 reperiatur
828 3843 1021 3896 monasterium
1033 3859 1105 3894 nunc
1120 3843 1178 3894 fere
1193 3842 1330 3896 desertum

198 3949 230 3984 ac
246 3947 332 3999 prope
348 3929 398 3982 boc
413 3931 491 3984 vicus
506 3929 623 3998 exignus
639 3931 746 3984 nomine
763 3931 869 3996 Vrana,
885 3948 917 3981 eo
932 3927 992 3982 loco
1007 3933 1126 3980 veterem
1143 3926 1331 3980 Marathonem

199 4017 291 4068 urbem
307 4019 472 4068 exstructam
499 4030 588 4082 neque
615 4014 709 4084 procul
734 4016 797 4068 inde
818 4031 936 4084 pugnam
958 4013 1124 4066 commissam
1146 4030 1209 4064 esse
1234 4011 1332 4064 statuit

198 4100 291 4154 Lealte
306 4099 323 4150 l.
340 4117 425 4168 snpra
441 4101 468 4159 l.‚
478 4115 556 4166 quem
569 4099 692 4168 plerique
705 4107 816 4152 nostrae
831 4099 930 4152 aetatis
945 4099 999 4152 riri
1013 4099 1102 4150 secuti
1119 4103 1193 4164 sunt,
1208 4096 1331 4166 inprimis

198 4185 349 4252 Forbigerr
369 4183 477 4236 Handb.
495 4183 521 4235 d.
539 4183 584 4235 alt.
599 4183 756 4254 Geograph.
773 4185 825 4236 lll.
841 4203 868 4254 p.
889 4187 941 4240 953
965 4191 1048 4254 etque
1062 4183 1140 4236 etiam
1156 4181 1272 4250 Kiepert
1287 4182 1331 4232 in:

197 4269 377 4338 Topograph.
393 4267 491 4321 histor.
509 4267 587 4320 Atlas
600 4285 654 4320 von
667 4269 771 4332 Hellas,
789 4269 889 4324 Tabul.
904 4269 978 4348 ipr.
1021 4268 1155 4337 Equidem
1171 4283 1225 4338 quo
1241 4266 1330 4318 ntinas

198 4371 308 4424 sequar,
326 4352 361 4405 iis
376 4351 517 4422 impedior,
534 4371 605 4424 quae
621 4363 717 4407 contra
732 4353 813 4424 Angli
830 4355 882 4408 viri
898 4355 971 4407 docti
988 4353 1150 4407 senuntiam
1165 4368 1253 4422 nuper
1267 4367 1329 4420 pro-
