3062 4986
170 333 232 396 ΜΟ

600 327 866 390 HERODO'PI
899 337 909 354 ⁸

82 529 87 540 ·
172 507 227 574 καὶ
242 509 276 572 oi
290 501 483 589 Ἀλευάδαι,
508 505 563 571 καὶ
584 502 671 590 δήτι
686 500 767 590 πρὸς
782 501 929 572 τούτοισι
948 509 995 570 ἔτι
1014 503 1117 570 πλέον
1133 501 1305 588 προσωρέ-

172 607 272 697 γοντό
285 613 334 692 oi,
362 613 492 694 ἔχοντες
508 605 760 694 Ὀνομάκριτον,
780 602 887 694 ἄνδρα
905 603 1105 698 Ἀθηναῖον,
1120 603 1306 692 χρήσμολό-

210 763 424 836 προσωρέγοντό
437 765 476 838 oi]
495 771 633 822 Revocavi
654 789 715 822 cum

176 849 291 895 recentt.
315 842 375 892 edd.
399 844 531 907 probante
550 841 666 892 Bredov.
689 859 714 907 p.

179 911 380 978 iiiiiivulgatam
395 906 629 974 aposmpiyovro,
639 913 725 962 cuius·

176 979 720 1045 loc'oeaunoPlorentinolibroSclrueig·

176 1053 280 1115 nasus,
305 1051 443 1101 Gaist'ord.
464 1056 492 1101 et
506 1049 646 1100 Belrlsorus
661 1051 720 1100 edi·

178 1123 275 1173 derant
309 1111 536 1184 προσορέγονιο.
581 1118 718 1184 Schweig-

178 1192 337 1252 haeuserus,
350 1190 397 1253 qui
410 1190 485 1254 prius
496 1187 654 1238 reddiderat
664 1189 721 1253 rapi

178 1259 385 1320 coucilicbmrtur,
398 1259 547 1309 rectiuasic
555 1257 632 1307 reddi
646 1265 719 1322 post-

179 1347 212 1382 ea
235 1330 357 1378 monuit:
380 1327 719 1392 adreperusecpplieabaut,

178 1397 306 1450 instabant
325 1399 382 1461 reps‘
399 1413 499 1461 ensisque
513 1397 643 1460 serpebant.
665 1396 720 1446 Ad-

180 1468 222 1518 dit
235 1465 314 1530 paulo
323 1467 409 1515 minus
425 1483 495 1527 esse,
508 1465 554 1514 sed
563 1466 655 1517 eodem
666 1467 721 1516 iere

181 1537 331 1602 pertinens,
344 1534 414 1599 quod
426 1536 496 1584 iutra
508 1535 621 1600 legitur:
636 1547 723 1596 προσ-

184 1601 313 1670 εφέρετο,
328 1605 465 1654 accedebat
475 1606 511 1654 art
519 1621 610 1670 repam,
624 1621 676 1654 cum
692 1620 722 1654 eo

181 1676 281 1740 agebat.
324 1675 412 1738 Atque
435 1675 462 1722 in
480 1689 540 1724 eam
558 1675 722 1727 seutentiam

182 1744 403 1809 quoqucaccepit
411 1743 508 1792 blattb.
516 1743 562 1796 Gr.
570 1743 617 1798 Gr.
629 1748 652 1807 ξ.
661 1743 722 1804 402,

176 1815 229 1878 qui
241 1812 324 1863 verbo
347 1807 561 1874 προσφέρεσθαι
578 1815 606 1862 in
621 1828 680 1878 sqq.
696 1817 744 1861 et·

182 1883 268 1932 verbo
283 1879 476 1942 προσκεῖσθαί
487 1883 573 1940 caval,
590 1883 638 1934 123
653 1883 722 1932 idem

184 1951 298 2016 exprimi
318 1951 386 2000 bene
403 1951 539 2002 observet.
571 1953 723 2002 Pronomen

185 2014 214 2069 οἶ
228 2020 262 2070 ad
278 2021 393 2070 Xerxem
405 2021 527 2084 respicit.

220 2084 330 2154 ἔχοντες
342 2081 555 2153 Ὀνομάκριτον]
569 2089 672 2152 Exque
685 2087 725 2138 lo-

186 2175 218 2211 co
240 2160 312 2210 vatis
330 2157 498 2209 celeberrimi
518 2163 637 2226 aetatem
663 2173 725 2206 con-

185 2229 272 2280 stitui
286 2229 355 2279 satis
374 2229 550 2294 perspicitur,
576 2227 599 2276 si
617 2226 724 2290 quidem

188 2299 281 2350 statim
296 2304 358 2363 post
371 2315 469 2348 annum
483 2298 534 2349 485
544 2303 607 2346 aute
623 2296 683 2345 Chr.
698 2311 726 2344 n.

186 2368 257 2419 Susa
277 2368 432 2433 pervenisse
451 2366 495 2417 illo
512 2365 647 2430 putandus
665 2367 726 2422 erit,

186 2437 279 2506 pulsus
297 2437 410 2489 Athenis
432 2438 465 2487 ab
487 2434 645 2500 Hipparcho
663 2439 728 2484 ante

188 2516 252 2558 ante
270 2523 368 2556 annum
389 2509 456 2568 515,
480 2522 532 2570 quo
552 2503 728 2568 Hipparchus

189 2577 349 2627 interiectus
364 2581 421 2637 est,
437 2581 465 2624 ct
480 2580 541 2638 post
556 2589 654 2623 annium
668 2573 728 2630 527,

190 2663 242 2712 quo
254 2647 417 2696 Pisistratus
434 2645 501 2695 obiit
522 2643 588 2706 (uid.
611 2648 679 2692 nott.
694 2641 729 2690 ad

188 2717 268 2777 1,511.
288 2716 326 2776 V,
339 2713 394 2777 55).
427 2716 515 2778 Atque
534 2727 624 2762 senem
646 2711 729 2760 tuisse

189 2785 395 2836 Onomacritum
432 2783 601 2832 bominomve
636 2795 731 2845 prove·

189 2853 399 2914 ctiorisaetatis,
413 2849 516 2902 eumad
527 2851 668 2900 Persarum
684 2865 731 2898 au-

188 2924 242 2973 lam
257 2921 359 2986 regiam
379 2921 536 2981 accederet,
559 2918 654 2968 merito
668 2919 728 2968 inde

190 2991 319 3055 colligas,
338 2989 408 3056 quod
421 2989 592 3040 Onomacriti
606 3003 673 3038 cura
687 3003 731 3037 aa·

190 3060 304 3125 sumptis
321 3059 519 3125 quoquetribus
535 3057 671 3106 aliieuiris
685 3057 731 3106 do-

190 3133 242 3182 ctis
257 3135 285 3181 et
303 3132 371 3196 ipsis
385 3129 513 3196 Orphicis
526 3128 687 3177 Pisistratus
701 3142 732 3176 u·

190 3217 237 3252 sus
259 3201 369 3251 Homeri
388 3199 511 3252 carmina
535 3198 563 3247 in
588 3213 636 3259 ea,
662 3213 730 3263 quae

192 3275 386 3332 nuncexstant,
402 3267 732 3332 volumiuaredegissedi-

191 3342 263 3391 citur
274 3339 425 3392 in'Scholio
441 3339 487 3390 illo
502 3339 642 3398 Plautino,
661 3337 732 3404 quod

193 3409 279 3460 edidit
289 3409 392 3460 Ritschl
414 3411 477 3476 (Die
491 3407 665 3459 alexandrin.
685 3407 731 3456 Bi-

192 3479 287 3529 blioth.
301 3483 380 3528 unter
390 3479 416 3527 d.
426 3485 490 3531 erst.
499 3478 729 3529 Ptolemiternetc.

192 3548 305 3598 ltreeleu
317 3547 398 3612 1838)
410 3552 468 3613 ρ,4.
478 3549 507 3596 'll
518 3563 605 3612 seqq,
617 3561 733 3613 quocum

193 3618 368 3668 consentiunt
377 3617 527 3669 verbaloh.
536 3619 656 3667 'l'cetzae
670 3617 734 3664 Pro-

193 3687 260 3752 legg.
276 3685 376 3736 Scholl.
397 3686 430 3736 ab
438 3685 733 3750 Henr.Keilio(llhcin.

194 3758 255 3807 Mus
272 3755 399 3808 N.F.Vl.
413 3756 502 3819 plue.
518 3756 573 3806 lte.
586 3755 636 3806 ’243
646 3753 733 3820 seqq-l

195 3825 334 3891 publicata
353 3829 380 3873 et
396 3825 536 3874 illustrata
555 3829 583 3874 et
601 3824 735 3889 Anonymi

195 3891 260 3958 aspi
275 3890 426 3958 ιἰωμῳδίος
445 3894 472 3942 1ο
484 3893 734 3944 Crumerisinecdd.

194 3965 298 4018 Parias.
329 3963 350 4016 1.
382 3979 407 4028 p.
429 3967 459 4012 u:
493 3963 526 4011 de
554 3964 652 4027 quibus
681 3980 736 4014 om·

196 4035 276 4084 nibus
300 4033 373 4084 conf.
405 4032 526 4083 Nitzsch.
561 4032 665 4083 Melett.
702 4032 734 4083 de

195 4105 258 4153 lrist.
282 4105 391 4153 Homer.
405 4103 485 4153 Fasc.
504 4101 541 4154 ll.
568 4101 669 4154 comm.
687 4103 733 4152 111.

196 4189 222 4236 p.
236 4175 261 4222 t.
281 4173 310 4224 18
325 4187 411 4238 seqq„
436 4171 619 4236 Sengebuseh.
640 4172 668 4221 in
681 4173 736 4222 Ho-

197 4258 260 4292 mer.
276 4243 456 4307 Diss.pcster.
475 4256 537 4306 pag.
545 4241 578 4291 30
587 4257 661 4306 seqq.
679 4241 736 4291 Uu-

196 4311 229 4361 de
252 4327 358 4376 quoque
384 4311 418 4362 ad
438 4311 641 4361 Onomacritum
666 4311 736 4362 reie-

196 4385 259 4429 runt
276 4395 369 4431 vorsus
387 4381 416 4431 in
428 4380 539 4431 Homeri
557 4381 677 4432 carmina
696 4381 737 4431 in·

766 781 868 836 trusos,
885 789 946 824 cum
965 771 1077 822 Homeri
1094 771 1215 821 camnine
1235 769 1311 820 eimi-

767 846 859 896 lemin
879 843 987 896 modian
1006 841 1050 891 ille
1065 841 1248 906 interpolasse
1269 841 1310 891 vi·

768 917 865 966 deutur
884 918 966 977 atque
986 913 1092 961 blissaei
1104 909 1232 961 oraculas
1256 925 1311 974 qua

768 985 802 1034 de
815 1001 843 1036 re
865 981 920 1032 vid.
933 981 1023 1031 Sclrol.
1036 981 1072 1030 ad
1085 981 1198 1032 Homeri
1210 979 1311 1043 Odyss.

768 1055 817 1114 xl,
840 1053 892 1103 60³
906 1059 987 1115 atque
1017 1050 1131 1100 Nitzsch
1153 1049 1189 1100 ad
1213 1050 1314 1098 Home-

768 1124 792 1173 ri
805 1122 903 1186 Odyss.
915 1119 933 1171 l.
946 1119 964 1172 l.
980 1121 1056 1170 Tem.
1069 1119 1120 1169 111.
1134 1119 1220 1184 ρ.335
1235 1131 1311 1181 seqq.

769 1195 801 1243 ln
808 1193 920 1242 Homeri
934 1189 1099 1240 carminibus
1114 1195 1141 1238 et
1155 1187 1313 1250 redigendis

770 1269 798 1312 et
816 1258 1013 1324 interpolandis
1039 1263 1202 1323 occupatum
1229 1255 1314 1304 luisse
1413 1307 1415 1311 ,

771 1330 976 1380 Ouomacritum
995 1343 1107 1378 necesse
1127 1334 1171 1376 est
1189 1326 1252 1376 vivo
1268 1325 1314 1373 Pi·

771 1403 893 1460 sistratc,
908 1400 933 1448 si
944 1413 1010 1448 vera
1025 1394 1252 1447 traduutScholia
1265 1393 1314 1442 illa

771 1477 799 1520 et
812 1471 917 1521 Graeca
933 1474 960 1518 et
976 1468 1091 1526 l.atine;
1114 1467 1168 1515 uisi
1183 1463 1254 1529 quod
1269 1464 1316 1512 Pi·

772 1541 885 1590 sistrato
898 1537 1036 1594 tribuitur,
1048 1537 1076 1586 id
1084 1534 1119 1584 ad
1127 1531 1314 1599 Hipparchum

773 1623 879 1675 quoque
892 1605 1170 1671 pertinuiseecredas.
1191 1605 1316 1666 Namque

774 1679 842 1728 obiit
856 1677 1032 1736 Pisistratus,
1052 1681 1082 1724 ut
1095 1674 1227 1734 diximus,
1241 1687 1315 1720 auno

774 1751 824 1798 527
837 1763 862 1796 a.
875 1745 913 1794 cn
929 1761 967 1808 a„
980 1746 1063 1810 igitur
1073 1744 1242 1810 quadr-apium
1252 1742 1313 1790 cluo·

773 1817 819 1866 bue
831 1815 910 1864 aunis
925 1823 989 1864 ante
1005 1816 1056 1864 iter
1068 1811 1317 1864 OnomacritiSusa

774 1891 929 1948 susceptum
951 1890 1014 1950 poet
1033 1899 1133 1934 annum
1147 1881 1197 1932 183
1210 1896 1237 1930 a.
1252 1879 1317 1930 Chr.

775 1971 815 2006 ra:
832 1955 898 2004 adeo
911 1959 949 2014 ut,
963 1954 987 2003 si
998 1955 1061 2004 vivo
1072 1953 1161 2002 adbuc
1170 1951 1317 2002 Pisistrato

775 2024 880 2075 iuvenis
893 2024 946 2072 luit
958 2024 1057 2087 viginti
1072 2021 1114 2073 vol
1125 2020 1223 2084 viginti
1238 2021 1317 2083 quiu-

775 2109 827 2158 que
838 2109 968 2142 annorum
981 2092 1156 2157 (quamquam
1167 2090 1212 2138 vix
1229 2088 1319 2138 credi-

776 2163 839 2222 bile,
854 2163 945 2212 iuveui
962 2164 1019 2211 viro
1033 2161 1099 2211 illud
1114 2160 1253 2224 negotium
1260 2159 1317 2208 Ho-

778 2233 937 2282 mericornm
950 2232 1098 2281 canusinum
1110 2228 1316 2292 redigendorum

778 2304 951 2350 commissum
960 2301 1068 2350 iuimea
1079 2296 1249 2362 Pisistrato),
1261 2303 1318 2346 turn

778 2371 921 2434 sexaginta
933 2369 1045 2420 duorum
1063 2367 1106 2419 vel
1119 2368 1265 2432 sexaginta
1276 2381 1318 2415 se-

778 2445 850 2504 ptem
864 2453 994 2487 anuorum
1017 2453 1099 2496 senez
1120 2438 1206 2486 tuisse
1224 2437 1319 2486 existi·

780 2507 894 2558 muudus
907 2507 956 2556 sit:
973 2507 1044 2556 unde
1055 2506 1128 2556 haud
1141 2505 1320 2570 improbabile

780 2577 896 2637 videtur,
910 2576 945 2624 ad
953 2575 1320 2640 llipparclmmquoqueper-

780 2647 894 2696 tinuisse
910 2646 1025 2709 indeque
1040 2644 1222 2693 Pisistratidis
1235 2645 1321 2693 omui-

780 2732 814 2765 no
835 2714 1042 2766 adscribendam
1060 2729 1120 2763 esse
1141 2712 1215 2762 illam
1228 2729 1321 2762 curam

779 2786 808 2835 in
835 2784 946 2834 Homeri
969 2783 1134 2833 carminibus
1164 2781 1321 2842 redigendis

781 2855 909 2919 positam.
929 2853 1008 2904 Coni.
1020 2853 1101 2902 etiam
1111 2850 1200 2902 Bode:
1222 2849 1320 2901 (leuch.

781 2925 805 2972 d.
822 2921 928 2973 Hellen.
948 2924 1027 2974 Polie.
1044 2924 1064 2972 l.
1080 2939 1105 2986 p.
1124 2921 1170 2971 137
1187 2936 1245 2985 seq.
1264 2919 1322 2981 toti,

780 2994 869 3057 llgger
885 2992 957 3041 Hist.
973 2993 1006 3042 de
1018 2992 1045 3041 la
1061 2991 1176 3056 critique
1192 3007 1218 3054 p.
1234 2989 1320 3054 ilseq.

781 3067 808 3112 et
817 3062 863 3126 qui
872 3061 1088 3111 deOnomaoiito
1099 3059 1257 3124 singillatim
1268 3059 1323 3110 dis·

782 3137 922 3196 putarunt,
936 3131 1042 3182 liitscbl
1056 3132 1081 3180 iu
1093 3129 1188 3180 Erech.
1204 3127 1322 3180 etGrub.
1423 3141 1430 3151 ·

780 3201 931 3266 lincyclop.
951 3201 1024 3252 Seot.
1040 3201 1090 3252 111.
1110 3197 1169 3248 Vol.
1188 3199 1233 3248 1v.
1259 3214 1286 3262 p.
1306 3199 1323 3247 4

781 3287 868 3337 seqq„
886 3270 1011 3320 lliclrlrotl
1018 3287 1024 3320 :
1046 3271 1087 3319 De
1098 3269 1276 3318 Onomaorito
1288 3269 1324 3316 A·

781 3340 919 3391 theniensi
942 3341 1091 3391 Commeat.
1120 3340 1143 3390 1.
1176 3336 1323 3388 Elberield.

783 3409 852 3530 {³842
864 3415 893 3460 et
907 3425 977 3527 qulae
990 3410 1048 3526 ipde
1062 3406 1147 3527 dimid
1156 3407 1197 3456 int
1213 3407 1324 3526 Pauli-ii

785 3495 1159 3614 seeqaqinciildpagudmaeriti
1183 3493 1325 3596 dilutam

785 3617 1057 3682 Sclrwcigbaeuscrus
1069 3615 1189 3668 conferri
1203 3617 1263 3666 virlt
1274 3619 1326 3666 Fa-

785 3688 853 3737 brio.
868 3687 902 3736 ad
917 3687 992 3737 Sext.
1010 3687 1113 3751 Empir.
1128 3703 1154 3750 p.
1171 3685 1218 3738 136
1229 3691 1256 3734 et
1266 3685 1327 3750 (qui

787 3757 865 3807 affert
880 3756 1011 3808 clement.
1026 3757 1102 3808 Alex.
1117 3756 1215 3805 Strom.
1228 3757 1276 3806 Vl.
1299 3771 1325 3816 p.

785 3827 845 3877 set.
859 3827 882 3879 1.
901 3841 927 3890 p.
945 3825 1007 3890 332)
1025 3827 1139 3878 Persou.
1153 3824 1188 3874 ad
1201 3824 1325 3887 Euripid.

787 3896 877 3946 Orest.
893 3897 918 3948 5.
941 3895 1045 3946 Μοιοοι·
1052 3895 1152 3944 mentio
1163 3894 1235 3942 inira
1250 3893 1326 3952 l'lll,

786 3965 829 4018 96.
854 3967 960 4029 Deque
974 3981 1043 4029 quae
1063 3963 1135 4028 apud
1153 3968 1258 4013 veteres
1272 3967 1328 4012 tra-

787 4035 846 4084 dita
868 4039 992 4096 exstant,
1011 4033 1066 4084 vid.
1086 4035 1112 4082 in
1131 4033 1241 4082 Fabrio.
1257 4031 1327 4082 Bibl.

786 4103 884 4156 Graec.
898 4104 921 4155 l.
941 4119 1001 4186 cap.
1018 4104 1082 4154 XVI
1102 4102 1146 4168 (T.
1163 4103 1184 4152 1.
1198 4119 1260 4186 pag.
1281 4103 1329 4152 llil

786 4173 1330 4308 littldtlltillidit:dits

787 4314 839 4363 niis
850 4327 926 4374 usus,
937 4313 979 4361 iu:
996 4312 1107 4376 Pauly's
1117 4309 1330 4376 lioalencyelop.

785 4383 818 4435 V.
829 4397 891 4448 pag.
906 4381 957 4434 2611
968 4397 1025 4448 seq.
1051 4384 1175 4447 Namque
1188 4384 1329 4443 Musaeus,
