3010 4966
457 341 827 409 TERPSICHORE.
852 349 890 410 V.
913 356 1034 415 ue-tr.
1244 354 1309 430 3131

181 512 230 584 Τὰ
243 514 305 604 μὲν
319 514 361 604 δὴ
374 519 489 605 πρῶτα
502 515 673 607 πέμπωνὸ
688 524 877 610 Κλεομένης
898 525 931 603 ἐς
950 520 1008 604 τὰς
1027 521 1168 612 Ἀθήνας
1183 525 1310 616 κήρυκα

175 621 329 706 ἐξέβαλλε
340 624 548 690 Κλεισθένεα
559 624 615 691 καὶ
624 621 698 711 μετ’
710 621 814 694 αὐτοῦ
822 624 943 706 ἄλλους
958 621 1099 708 πολλοὺς
1110 625 1309 718 Ἀθηναίων,

174 720 253 802 τούς
271 725 408 810 ἐναγέας
435 727 605 810 ἐπιλέγων.
642 730 746 796 ταῦτα
774 728 812 798 dh
839 733 980 818 πέμπων
999 738 1092 818 ἐλεγε
1114 735 1150 802 ἐκ
1174 737 1310 824 διδαχῆς

174 830 236 894 τοῦ
253 821 444 915 Ἰσαγόρεω·
472 833 506 896 ολ
522 827 661 918 μὲνγὰρ
687 827 941 921 Ἀλκμαιωνίδαι
961 835 1017 904 καὶ
1036 840 1071 902 οἱ
1089 841 1309 906 συστασιῶται

174 925 288 997 αὐτοῖν
311 929 401 1018 εἶχον
428 936 539 1018 αἰτίην
563 937 624 1000 τοῦ
643 933 752 1021 φόνον
775 935 909 1023 τούτου,
938 935 1038 1016 αὐτὸς
1060 937 1097 1007 δὲ
1117 935 1158 1007 οὐ
1178 957 1306 1028 μετεῖχε

174 1029 252 1101 οὐδ’
272 1038 307 1102 ot'
322 1041 416 1121 φίλοι
441 1030 554 1104 αὐτοῦ.
590 1039 636 1104 Ot'
654 1033 686 1104 δ’
708 1039 841 1126 ἐναγέες
863 1037 1051 1128 Ἀθηναίων
1075 1031 1141 1110 dm
1160 1038 1348 1133 οὔνομά-71

174 1227 253 1297 snm
273 1226 328 1298 ἔχει
346 1225 565 1297 Ἆλιιμαιωνέδαι.
599 1235 718 1287 Sintenis
768 1239 822 1286 und
834 1243 969 1290 oernier
990 1240 1038 1289 den
1050 1240 1186 1292 Clisthenes
1201 1257 1248 1292 cns
1261 1242 1308 1293 der

173 1304 210 1354 sd
228 1303 300 1353 Plnt.
322 1303 498 1354 Themistocl.
521 1305 564 1354 el.
583 1319 646 1370 pug.
669 1306 718 1372 140

172 1372 253 1438 plure
262 1373 336 1424 dedit
345 1373 379 1424 de
388 1367 715 1440 λοοολίσοεαέτλανέχειν,

172 1447 270 1504 culpem
287 1446 423 1506 sustinere,
450 1446 541 1494 crimen
560 1443 663 1497 hahere.
683 1471 716 1479 —

173 1511 282 1574 φοιτᾶν
301 1513 393 1563 eodem
413 1527 510 1577 sensu,
529 1529 582 1578 qno
596 1513 638 1576 11,
653 1515 713 1565 115.

174 1581 223 1644 1v,
241 1581 269 1644 l,
286 1582 332 1632 ubi
349 1583 407 1633 nid.
422 1587 490 1632 uott.
525 1583 598 1632 ilinc
616 1583 643 1632 iu
657 1583 716 1632 Ari-

173 1651 254 1701 stidis
266 1649 378 1702 scholiis
391 1667 454 1716 png.
465 1651 499 1701 45
513 1652 656 1704 Frommel.
668 1649 716 1701 ιιαλ

172 1711 226 1784 γὰρ
237 1711 368 1784 ἐτύγχανε
378 1713 518 1784 μοιχεύων
527 1716 579 1786 τὴν
589 1715 716 1771 τσῦἸσα-

172 1784 261 1855 γάρον
274 1784 289 1839 ὁ
304 1788 472 1854 Κλεομένης.

211 1865 254 1922 Τὰ
270 1865 322 1938 μέν
339 1866 376 1938 δὴ
390 1889 489 1938 npetu
503 1867 633 1942 πέμπων]
650 1871 715 1928 Non

173 1943 297 2009 sequitur
307 1939 424 2008 δεύτερα
438 1936 469 1993 δέ
483 1945 526 1996 vel
538 1946 626 1996 simile
639 1947 714 2012 quid,

174 2013 228 2062 nisi
247 2013 298 2063 hoc
316 2015 404 2078 ipsum
424 2030 438 2064 e
457 2017 542 2064 totius
561 2018 715 2066 sententiae

174 2098 245 2132 nexu
258 2082 374 2147 intelligi
387 2083 584 2148 quodammodo
600 2085 715 2135 ecberte

173 2151 292 2216 srrppleri
303 2153 411 2216 poterit.
431 2155 499 2203 Nem
508 2155 611 2216 primum
620 2155 715 2219 quidem

173 2222 318 2272 Clisthenem
337 2224 379 2272 ille
393 2223 524 2272 discedere
537 2222 607 2273 ‘urhe
627 2225 714 2280 iussit:

172 2306 227 2356 quo
251 2290 341 2355 lucto,
367 2291 425 2341 dein
450 2291 530 2341 veris
552 2291 714 2342 incivitate

172 2361 316 2411 constituit
335 2375 395 2423 cup.
416 2363 448 2412 72
471 2366 607 2412 enerretn.
644 2363 714 2411 Num

169 2433 274 2493 primum
295 2429 402 2496 quidem
421 2434 611 2496 septingentae
633 2431 714 2481 eiecit

171 2499 307 2560 familias,
321 2500 412 2550 deinde
425 2507 548 2551 senutum
563 2499 713 2551 dissolvere

94 2593 99 2604 ·
171 2568 287 2619 studuit.
304 2569 358 2620 Ubi
369 2571 506 2621 invenitur
519 2563 645 2632 δεύτερα,
659 2585 713 2620 non

170 2643 319 2760 ηγιιιεγμολε
345 2635 461 2704 πρῶτα,
488 2639 712 2706 quemadmodum

197 2743 206 2774 ,
273 2748 279 2762 .

211 2785 337 2860 ἐξέβαλλε
351 2792 535 2863 Κλεισθένεα]
557 2785 683 2863 ἐξέβαλλε
697 2814 712 2848 e

170 2861 329 2914 Florentino
349 2863 412 2914 dedi
434 2880 494 2914 cum
515 2871 629 2918 receutt.
649 2867 711 2918 edd.

169 2948 219 2997 pro
229 2921 354 2996 ἐξέβαλε,
366 2933 437 2997 quod
448 2933 585 2987 Schucier.
598 2937 713 2986 retinuit

171 3017 204 3052 ex
223 3003 343 3052 editione
361 3003 547 3070 Wesselingii‚
572 3021 631 3056 cum
656 2995 712 3066 ἐξέ-

169 3067 251 3137 βαλλε
269 3073 413 3134 expellendi
430 3084 542 3124 eonutnm
557 3079 585 3126 et
601 3077 712 3124 nolunta-

169 3148 216 3190 tem
228 3140 344 3202 indicet,
366 3146 396 3190 ut
414 3143 443 3203 1,
459 3143 502 3193 68.
520 3145 578 3204 111,
597 3145 630 3195 53
649 3142 711 3195 coll.

170 3209 329 3262 Gottlebero
354 3211 388 3260 ed
416 3211 568 3277 Thucydid.
596 3215 625 3276 Ι,
654 3213 711 3264 126.

767 1306 875 1360 Stodt.“
902 1309 943 1358 hd
957 1309 1068 1359 verbnm
1084 1302 1219 1373 ἐπιλέγων
1232 1311 1304 1361 coni.

767 1377 842 1426 locos
854 1378 956 1428 similes
970 1379 1009 1439 V,
1023 1379 1164 1440 t.1v‚65.
1194 1381 1307 1431 Senten-

767 1447 807 1496 tis
818 1447 951 1497 Herodoti
963 1445 1031 1498 heec
1043 1455 1100 1498 est:
1119 1464 1161 1498 eos
1172 1447 1217 1513 (ex
1227 1449 1307 1500 Athe·

766 1515 917 1580 niensibus)
942 1519 1087 1580 significans
1105 1519 1225 1582 dictisque
1243 1520 1308 1569 odii·

765 1588 841 1648 ciens,
853 1589 895 1651 qui
902 1594 985 1636 essent
991 1589 1090 1648 piccuto
1100 1587 1219 1636 obstricti.
1230 1588 1306 1649 Quae

765 1655 850 1705 verbs
874 1669 940 1706 sene
965 1655 1059 1705 velent
1083 1655 1119 1706 sd
1143 1655 1306 1720 explicando

765 1725 848 1774 verbe
858 1725 1061 1775 antecedentis:
1074 1715 1176 1782 ἄλλους
1185 1719 1307 1783 πολλοὺς

762 1785 931 1857 Ἀθηναίων.

799 1891 888 1945 ταῦτα
904 1889 936 1945 δέ
955 1888 1073 1960 πέμπων
1090 1890 1174 1962 ἐλεγε]
1201 1898 1305 1948 Distin-

766 1965 884 2016 ctionem
904 1969 967 2030 post
985 1959 1103 2029 πέμπων
1121 1969 1149 2016 λιι
1163 1967 1305 2019 Schueieri

765 2035 885 2086 editione
907 2033 1006 2085 sustuli
1027 2052 1086 2086 cum
1107 2037 1194 2087 (λαλεῖ.
1235 2039 1304 2088 Nem

765 2099 904 2152 ταῦταειλ
925 2095 997 2166 ἔλεγε
1017 2107 1148 2169 pertinet,
1172 2105 1224 2156 hoc
1247 2107 1304 2158 iere

765 2187 860 2222 sensu:
875 2171 961 2235 „haec
972 2173 1178 2224 caduceatorem
1193 2175 1305 2226 mittens

765 2241 875 2290 dicebat
890 2241 1046 2292 Cleomenes
1064 2243 1098 2291 eb
1110 2243 1224 2308 longono
1242 2246 1304 2296 edo·

764 2314 839 2373 ctus,
860 2311 907 2375 qui
919 2312 978 2374 ipse
993 2312 1027 2360 sb
1040 2309 1091 2362 hoc
1103 2313 1229 2372 crimine,
1250 2330 1303 2378 qno

764 2378 972 2429 Alcmaeonidee
998 2380 1160 2430 tenebantur
1184 2371 1304 2445 (ἐναγέες

764 2447 934 2513 insedisti),
953 2448 1022 2499 liber
1037 2449 1127 2500 erut.“
1160 2451 1225 2500 Mox
1242 2449 1304 2500 dedi

763 2508 858 2566 αὐτῶν
871 2533 920 2584 pro
933 2509 1050 2568 αὐτέων.

945 2722 1011 2775 Cer.
1025 2723 1123 2775 LXXI.

799 2853 839 2912 Οἷ
851 2850 879 2911 δ’
895 2851 1005 2925 ἐναγέες
1015 2849 1174 2936 ’λθηναίων
1187 2844 1243 2909 ὦδε
1255 2848 1304 2910 οὗ·

763 2925 968 2996 νομάσθησαν]
1003 2922 1230 2994 οννομιὶσθησαν
1253 2945 1303 2995 pro

761 3001 834 3068 vulg.
849 2992 1062 3064 ὠνομάσθησαν
1076 2999 1186 3052 exhibui
1201 3001 1303 3050 Brode-

761 3074 835 3122 rium
846 3077 956 3122 secutus
966 3085 1029 3136 μσς.
1042 3069 1105 3130 163ς
1120 3069 1176 3120 vid.
1187 3085 1248 3134 esp.
1258 3069 1302 3120 69.

762 3141 915 3206 Schweigh.
931 3148 995 3190 ente
1017 3131 1174 3202 Ἀθηναίων
1187 3137 1304 3204 requirit

762 3211 990 3276 praepositionem
1008 3198 1074 3258 int.
1112 3209 1174 3270 Qus
1193 3209 1302 3274 quidem

170 3280 249 3342 Quod
268 3279 541 3332 idemeFIorentino
560 3283 631 3332 inire
649 3297 713 3348 quo·
762 3282 808 3331 vix
823 3296 899 3344 opus.
927 3281 996 3330 Nem
1016 3277 1302 3329 isserelociseusns:

170 3363 222 3414 que
239 3349 271 3413 V,
286 3351 320 3399 72
336 3351 445 3413 reposui
457 3367 516 3401 cum
529 3351 668 3402 Diodorfio
684 3355 713 3403 et
762 3349 834 3398 Inter
845 3347 1010 3398 Athenienses
1027 3349 1070 3412 qui
1084 3337 1193 3411 ἐναγεῖς
1209 3354 1268 3398 sunt
1280 3362 1301 3396 s.

169 3417 310 3478 Behkero;
330 3419 652 3486 Dietsch.utr0queloco
667 3421 712 3472 de·
762 3425 896 3478 occantur,
922 3433 975 3468 enin
993 3415 1023 3466 oh
1047 3419 1204 3466 consumite
1223 3418 1306 3467 uocati

170 3487 211 3536 dit
225 3479 343 3554 ἐξέβαλε.
378 3487 651 3555 Schweighaeuserns
663 3507 709 3540 no·
762 3495 826 3538 sunt.
850 3487 916 3536 Loci
928 3491 1117 3550 argumentum
1130 3487 1303 3551 persequitur

169 3561 254 3607 strum
275 3557 364 3608 locum
388 3557 428 3608 sic
445 3559 545 3610 Latine
563 3561 711 3625 expressit:
763 3555 852 3609 Schol.
864 3557 975 3606 Aristid.
986 3571 1049 3620 pag.
1060 3559 1093 3606 44
1108 3572 1184 3622 seqq.
1209 3556 1303 3605 From-

170 3629 297 3690 „primnm
321 3627 398 3692 igitur·
420 3627 561 3679 Cleomenes
585 3645 711 3692 praecone
763 3625 1302 3690 mei.,quocumpotissimumconseretur

170 3695 282 3747 sueram
297 3700 370 3748 misso
379 3697 524 3748 Clisthenem
539 3699 601 3748 teche
610 3697 710 3757 eiecit‚“
763 3693 1049 3760 Thucydides1,12(i,
1063 3695 1109 3744 nbi
1121 3695 1176 3746 vid.
1187 3695 1301 3752 Duker..

167 3765 283 3816 alterurn
297 3764 386 3818 locum
398 3769 431 3829 V,
441 3767 474 3817 ts
488 3768 542 3818 ito:
563 3777 711 3833 „postquam
762 3766 811 3830 qui
825 3763 943 3830 reliquos
960 3765 1126 3829 scriptores,
1148 3764 1221 3829 npud
1235 3778 1301 3828 quos

168 3835 309 3886 Cleomenes
329 3838 402 3886 misso
422 3851 549 3899 praecone
569 3838 711 3888 eiiciendum
762 3835 881 3885 eiusdem
906 3834 946 3884 rei
969 3834 1086 3898 mentio,
1114 3833 1247 3884 indicavit
1274 3835 1302 3882 et

167 3904 229 3954 urhe
242 3904 387 3956 Clisthenem
406 3913 431 3955 et
440 3908 543 3969 piaculo
560 3909 711 3957 contamina·
761 3905 848 3970 ipsius
865 3905 942 3956 vocis
962 3893 1070 3968 ἐναγεῖς
1095 3905 1229 3952 cntionem
1257 3915 1303 3948 ex·

168 3981 218 4022 tum
234 3975 349 4025 edicit.“
386 3975 482 4025 hislim
504 3975 630 4040 equidem
648 3991 710 4027 oum
761 3974 865 4040 posuit:
885 3975 986 4040 quippe
1000 3987 1069 4038 qnne
1082 3988 1136 4022 non
1151 3971 1183 4020 de
1199 3970 1232 4019 iis
1244 3972 1303 4049 ten-

167 4043 299 4094 Districh.
314 4042 332 4094 l.
347 4043 364 4096 l.
379 4059 441 4110 pag.
458 4047 502 4108 14,
515 4050 547 4095 nt
559 4045 710 4111 imperfecti
760 4049 834 4107 tum,
859 4045 905 4109 qni
927 4045 982 4108 ipsi
1005 4040 1142 4108 piscnlum
1162 4051 1302 4090 commisc-

167 4104 293 4176 ἐξέβαλλε
311 4113 353 4165 vis
366 4129 400 4164 ec
418 4115 488 4164 rstio
505 4114 600 4165 melius
618 4130 711 4166 cerne·
760 4120 823 4164 rent
836 4117 864 4164 et
874 4113 975 4164 scelere
991 4127 1020 4161 ss
1032 4109 1194 4176 polluerent,
1209 4121 1301 4158 verum

167 4185 226 4232 tur:
244 4181 306 4232 urhe
326 4183 418 4234 cedere
437 4181 625 4248 (Clisthenem)
641 4187 713 4234 instit
762 4184 795 4234 de
813 4183 931 4248 posteris
951 4196 1058 4248 quoque
1078 4194 1169 4229 eorum
1189 4176 1302 4228 edhibc-

167 4267 189 4302 s.
201 4251 264 4302 urhe
275 4254 365 4302 eiicere
379 4253 487 4307 studuit.
501 4255 575 4304 Bene
589 4253 711 4318 Longius
761 4259 815 4306 tur.
844 4253 926 4303 Plura
947 4251 980 4300 de
999 4249 1050 4300 huc
1063 4265 1130 4298 voce
1142 4247 1229 4298 sllets
1245 4245 1301 4298 vid.

167 4318 240 4371 huno
253 4321 280 4372 in
299 4321 406 4373 modum
419 4323 579 4374 vernacule:
600 4323 712 4386 „Znerst
761 4323 789 4372 in
809 4321 891 4376 Thes.
907 4323 938 4372 L.
957 4321 1052 4372 Graec.
1073 4317 1125 4370 111.
1143 4333 1169 4384 p.
1191 4317 1243 4370 966
1259 4316 1300 4372 ed.

166 4389 275 4443 sehiehte
294 4407 343 4442 non
361 4393 501 4446 (λεοιιειιεε
524 4395 594 4446 einen
613 4392 713 4445 Herotd
761 4391 888 4444 Dindort'.
1087 4474 1105 4514 ‚t

1058 4477 1077 4542 9
