2994 4972
204 393 244 458 28
638 387 905 450 HERODOTI

204 566 351 656 καλύβης
372 591 425 652 τε,
444 567 486 635 ἑν
506 554 529 654 ᾗ
550 567 731 650 διαιτᾶται,
762 565 817 633 καὶ
836 561 945 652 θύρης
966 554 1175 649 καταπακτῆς
1198 558 1255 630 διὰ
1275 565 1344 629 τῶν

204 680 323 758 ἰκρίων
349 668 439 739 κάτω
466 667 634 757 φερούσης
662 671 695 749 ἐς
722 665 783 756 τὴν
810 673 940 756 λίμνην.
980 664 1020 736 τὰ
1041 665 1078 734 dl
1098 663 1202 753 νήπια
1223 671 1344 734 παιδία

206 779 319 846 δέουσι
334 784 393 842 τοῦ
406 771 508 852 ποδὸς
522 771 677 864 σπάρτῳ,
692 769 737 861 μὴ
751 775 981 859 κατακυλισθῇ
998 775 1231 857 δειμαίνοντες.
1256 785 1343 838 τοῖσι

204 973 246 1024 Ad
261 976 448 1039 argumentum
464 973 518 1030 loei
538 972 682 1024 tenendum
699 975 749 1030 est,
799 971 855 1021 rim
868 970 1005 1037 quendam
1015 969 1137 1034 adeoque
1146 969 1285 1034 impetum,
1300 983 1346 1018 en-

203 1043 274 1093 bsne
287 1043 369 1094 aedes
389 1042 544 1092 exstruendi
559 1043 690 1093 rationem
705 1039 749 1090 vel
800 1041 844 1090 ius
864 1045 938 1091 certe
952 1041 979 1090 in
994 1038 1149 1090 huiusmodi
1166 1039 1255 1088 ianuis
1269 1045 1344 1103 pete·

203 1112 283 1163 hodie
301 1113 415 1178 reperiri
430 1112 503 1178 apud
516 1112 650 1162 Cosaceos
667 1111 750 1160 Doni·
800 1109 935 1161 faciendis
950 1109 1040 1160 nullus
1054 1108 1140 1160 loeus.
1171 1109 1261 1171 Quare
1279 1109 1344 1158 reti-

204 1199 265 1245 cos,
287 1198 398 1248 quorum
415 1183 479 1233 urbs
494 1183 618 1248 prineeps
636 1179 750 1230 Tseber·
800 1181 916 1230 neudum
931 1184 1025 1230 censet
1033 1175 1229 1242 καταπακτῆς,
1242 1177 1285 1226 vel
1296 1193 1344 1243 po-

203 1253 274 1302 lrask
287 1251 368 1302 simili
380 1251 459 1302 modo
469 1254 497 1302 in
507 1252 589 1302 fluvio
598 1250 694 1315 rapido
705 1266 749 1299 ex·
800 1251 854 1299 tius
864 1250 1033 1300 scribendum
1047 1245 1237 1311 assumpseris.
1259 1248 1345 1312 Equi·

204 1327 382 1372 structaesse
401 1321 500 1385 fertur,
525 1322 564 1370 itu
580 1324 610 1370 ut
626 1319 749 1383 singulus
800 1319 860 1370 dem
885 1335 945 1370 eum
969 1318 1120 1369 editoribus
1140 1317 1263 1368 omnibus
1284 1317 1343 1367 vul-

203 1393 284 1444 aedes
295 1391 365 1458 pelis
380 1395 583 1456 superstructae
594 1391 648 1439 sint
659 1389 687 1438 in
700 1389 748 1438 flu·
797 1395 892 1454 getam
910 1388 1092 1449 καταπακτῆς
1113 1393 1141 1438 et
1158 1379 1344 1452 καταπακτὴν

203 1463 276 1513 vium
290 1462 432 1523 demissis,
448 1462 495 1525 qui
508 1459 580 1509 haud
593 1474 654 1508 raro
666 1473 748 1507 erun·
797 1458 909 1524 reliqui,
928 1475 1008 1524 quam
1017 1457 1100 1508 Valla
1109 1473 1141 1507 ae
1151 1458 1250 1507 Portus
1261 1457 1343 1506 inter·

204 1531 273 1580 dans
293 1531 410 1594 speeiem
422 1529 498 1580 lucus
511 1545 578 1580 saue
592 1529 694 1580 reterre
708 1529 747 1579 vi·
797 1533 940 1593 pretautur
958 1531 1056 1578 ianuam
1068 1527 1130 1577 bene
1146 1536 1297 1590 conspectum
1314 1531 1344 1578 et

203 1599 289 1649 detur.
311 1599 372 1650 Vid.
385 1598 498 1649 Clarlse:
513 1596 637 1648 Travels.
650 1598 671 1648 1.
683 1613 745 1663 pag.
792 1601 899 1660 fimniter
909 1599 1064 1660 obseratum,
1077 1597 1244 1648 Gronovius:
1264 1597 1343 1658 depa-

104 1705 107 1710 .
202 1667 253 1718 274
273 1683 330 1732 seq.
349 1667 401 1717 ‘296
420 1683 494 1732 seqq.
517 1668 607 1733 ibique
624 1666 744 1717 tabulam
796 1672 982 1726 cluniensem,
995 1666 1278 1732 Schweighaeuserus:
1294 1667 1342 1728 pli-

202 1737 397 1787 aeriineisam.
425 1737 601 1802 Quidtquod
614 1752 700 1801 nuper
710 1736 746 1786 ad
794 1740 908 1797 sutilem,
941 1752 1022 1802 quam
1048 1738 1076 1786 in
1097 1737 1198 1788 Lexieo
1220 1735 1344 1785 Herodo-

201 1807 250 1857 hos
264 1807 385 1858 Paeones
399 1821 545 1872 eorumque
560 1807 747 1856 habitationes
797 1811 842 1856 teo
855 1807 959 1857 reddit:
981 1809 1080 1857 ἰακκαιιι
1091 1822 1139 1856 παπ
1156 1814 1275 1868 ereetum,
1294 1806 1342 1855 sed

202 1875 297 1927 retulit
314 1879 409 1942 Vouga
427 1875 537 1942 (Athen.
559 1876 645 1940 trane.
669 1876 743 1926 1855.
795 1876 862 1926 lumi
873 1885 980 1927 stratum
999 1881 1027 1926 et
1043 1877 1084 1925 ita
1098 1881 1281 1941 compactam,
1301 1881 1340 1936 ut,

202 1962 241 1994 nr.
261 1947 280 1995 l.
298 1961 360 2010 pag.
380 1945 423 2009 at)
446 1961 504 1997 eam
521 1947 669 2008 rationem,
693 1961 747 2010 qua
796 1945 905 2011 qnando
916 1945 1010 1996 elauss
1022 1951 1096 2008 erut,
1107 1963 1167 1997 eum
1180 1945 1284 2011 reliquo
1298 1951 1342 1994 te-

203 2014 296 2064 Oeltae
309 2016 398 2079 priseo
411 2014 554 2066 admodum
567 2031 636 2067 aero
646 2016 681 2065 ad
692 2015 745 2065 Tu·
796 2016 890 2066 bulato
907 2017 934 2066 iu
952 2016 1045 2067 eodem
1057 2022 1130 2067 esset
1145 2015 1237 2082 plano.
1269 2016 1341 2065 Hine

200 2085 332 2134 ricensem
350 2084 439 2134 laetum
454 2085 594 2136 habitasse
612 2086 746 2147 seruntur,
797 2087 891 2150 procul
921 2086 1003 2136 dubio
1032 2092 1167 2137 nostrum:
1202 2084 1340 2145 Fuluium,

201 2170 331 2219 perquem
350 2153 481 2217 similem,
504 2160 535 2205 ut
549 2154 690 2205 declarant
705 2170 745 2204 re·
797 2156 933 2222 Zuptlu'ire.
946 2158 1067 2220 Quocum
1077 2155 1341 2207 etiambeneeonve·

201 2239 265 2274 eeus
291 2224 398 2276 detecta
426 2225 532 2276 aedium
563 2229 590 2274 et
618 2224 746 2275 cellarum
796 2227 838 2276 nit
853 2227 963 2278 verbum
981 2218 1143 2276 ἆνακλίνειν
1157 2225 1190 2275 de
1208 2225 1340 2275 eiusmodi

200 2294 354 2359 fragmenta
370 2309 418 2360 per
433 2295 578 2346 Helvetiae
596 2293 687 2349 lacus.
713 2295 746 2345 de
796 2293 1340 2362 loribus‚puandooperiuntunbeneadbi-

200 2365 297 2428 quibus
308 2363 403 2414 retulit
412 2365 493 2417 Ferd.
502 2365 605 2416 Keller:
621 2365 673 2415 Die
684 2365 746 2416 Kel-
795 2367 892 2429 bitum,
903 2381 962 2416 eum
977 2367 1085 2431 proprie
1097 2367 1131 2415 sit
1143 2367 1282 2430 reflectere,
1298 2381 1340 2414 re·

199 2433 307 2484 tiseben
319 2433 501 2485 Plablbanteu
519 2436 547 2485 iu
564 2435 616 2486 den
629 2435 746 2486 Schwei·
794 2439 915 2498 supinore
935 2443 1005 2484 retro
1016 2449 1119 2500 ponere,
1133 2433 1204 2498 quod
1217 2434 1286 2484 idem
1298 2436 1341 2483 est

201 2519 325 2566 nemeen,
346 2505 386 2554 in:
404 2505 605 2569 Mittheilungg.
630 2504 655 2552 d.
672 2506 745 2554 anti·
794 2511 878 2568 etque
895 2505 1012 2564 aperire,
1032 2508 1062 2552 ut
1081 2503 1153 2566 apud
1169 2503 1277 2551 Homer.
1293 2502 1338 2550 lli.

201 2589 278 2638 quar.
301 2574 448 2626 Gesellseh.
474 2575 501 2623 in
522 2573 620 2624 Ziirielr
638 2574 691 2636 1x,
715 2576 741 2626 2.
795 2575 827 2630 V,
840 2573 899 2622 751.
913 2573 965 2630 IX,
978 2570 1038 2623 395.
1056 2571 1154 2633 Odyss.
1170 2570 1338 2628 xxl1,15u.

200 2644 267 2692 fase.
285 2643 310 2694 3.
331 2659 393 2707 pag.
415 2645 447 2693 67
463 2659 538 2707 seqq,
578 2643 661 2692 Hisce
681 2643 743 2692 add.
796 2641 853 2692 157.
870 2641 918 2701 XI,
932 2639 1089 2692 ota-sd
1104 2639 1188 2689 verba
1200 2630 1234 2687 toi
1248 2632 1339 2704 dlvii-

198 2712 258 2760 Alb.
275 2712 343 2759 lalm
357 2717 384 2759 et
394 2713 416 2760 l.
426 2712 574 2761 Uhlmann:
593 2711 644 2760 Die
654 2709 745 2760 Pfahl-
793 2725 846 2758 πια
859 2705 962 2757 παιδία
975 2703 1071 2757 δέουσι
1083 2708 1136 2758 τοῦ
1150 2703 1239 2766 ποδὸς
1252 2703 1339 2772 σπάρ-

199 2777 448 2828 uari-Anemurium
459 2795 513 2828 von
525 2779 698 2828 ltloossedort'
707 2779 742 2826 im
793 2793 831 2843 τφ
856 2777 885 2841 (ἰ.
912 2793 935 2828 e.
957 2779 1069 2840 insontes
1092 2780 1212 2842 emperie
1232 2783 1339 2844 ullipnnt

197 2846 308 2894 Kanton
326 2847 396 2895 Bern
416 2845 497 2910 (Bern
512 2845 606 2911 1857),
629 2847 675 2897 ubi
689 2847 743 2897 He·
789 2845 862 2911 ferne)
873 2847 1033 2912 wesseling.
1045 2855 1186 2912 comparat
1196 2849 1338 2900 Heliodori

197 2914 406 2978 rodotiqnoqne
428 2913 742 2980 loeusafferturpag.2
792 2916 938 2982 Aethiopp.
960 2918 984 2968 I.
1009 2915 1124 2984 [eupb]
1145 2920 1229 2984 p.ll.
1263 2921 1337 2970 Voce

198 2997 272 3048 seq:
291 2983 363 3034 unde
380 2999 448 3034 eave
464 2983 594 3049 eolligss,
620 2985 741 3034 Paeones
792 2978 918 3047 σπαρταν
932 3001 986 3037 uno
998 2987 1059 3038 loeo
1070 2989 1204 3039 Homerus
1216 2994 1258 3038 est
1271 3005 1336 3038 usus

9 3041 10 3126 J
107 3075 112 3080 ·
197 3053 542 3118 Celticaestirpisluisse:
568 3055 741 3118 nequeenim
791 3055 1337 3122 111.11‚135,ubivionnterpretesurao-

196 3122 271 3172 eliud
286 3122 348 3187 quid
363 3123 426 3174 inde
440 3125 577 3190 sequitur,
593 3123 647 3173 nisi
663 3123 740 3187 illud,
791 3141 837 3176 cos
857 3129 940 3191 atque
958 3127 1073 3179 Gellium
1095 3129 1128 3178 N.
1147 3127 1178 3178 Α.
1199 3129 1292 3188 XVII,
1310 3129 1334 3179 3.

196 3191 348 3257 complures
367 3195 485 3244 inveniri
505 3193 656 3258 antiquitus
676 3209 739 3258 gen·
790 3195 852 3246 Alis
868 3196 947 3246 dabit
964 3197 1044 3247 Thes.
1061 3199 1140 3263 Ling.
1163 3199 1209 3248 Gr.
1228 3197 1289 3248 Vll.
1307 3213 1332 3262 p.

196 3266 254 3320 ter,
273 3277 342 3325 quae
360 3264 387 3312 iu
404 3264 472 3328 ipsis
489 3264 570 3328 aquis
586 3262 740 3314 huiusmodi
789 3265 840 3317 558
853 3264 894 3318 ed.
907 3266 1033 3317 Dindorf.
1058 3268 1228 3318 Homericam
1240 3283 1333 3317 vocem

195 3330 335 3381 domicilia
345 3333 398 3382 sibi
407 3333 564 3383 struxerint.
578 3361 607 3370 -
622 3333 738 3383 Verbum
788 3327 906 3398 νήπιος,
920 3335 953 3385 de
966 3351 1020 3400 qun
1036 3336 1113 3401 pluro
1123 3338 1150 3386 in
1162 3337 1270 3387 Lexieis
1280 3342 1334 3386 tra-

195 3401 310 3460 κρατεῖν
331 3400 423 3452 latiori
444 3405 539 3466 opinor
560 3417 641 3453 sensu
666 3404 737 3454 aoei-
790 3405 899 3468 duntur,
915 3421 992 3457 nemo
1009 3407 1124 3471 ignorat.
1149 3407 1210 3458 Huo
1226 3407 1335 3472 potissi-

194 3469 485 3592 tt⁰tttttt²tt¹¹¹
499 3473 739 3592 gompndqnqp
789 3475 994 3594 tibilim·
1008 3477 1037 3525 ¹¹¹
1055 3471 1334 3596 ili-llibilii‘i‘

194 3608 276 3659 Thes.
291 3609 371 3676 Ling.
383 3557 662 3676 GraetllulVl'plllOllb
673 3579 739 3663 Dius
789 3559 826 3664 ll
836 3547 1214 3679 f3ssll.filll'0lnslllirersa¹be'ulru
1232 3587 1275 3668 Ili,
1295 3577 1333 3678 Il,

194 3677 264 3728 dori.
791 3683 840 3734 ltu
854 3682 915 3736 eoll.
931 3683 991 3735 311.
1008 3685 1127 3746 1v‚2³8.
1141 3685 1190 3748 VI,
1203 3685 1236 3736 no
1250 3689 1301 3736 ete.

227 3743 323 3811 θύρης
332 3746 523 3814 καταπακτῆς]
535 3750 663 3801 Reiskius
674 3752 738 3801 seri·
816 3746 1056 3819 μὴκατακνλισθῂ
1068 3751 1273 3820 δειμαίνοντες]
1282 3756 1299 3809 i.
1309 3771 1332 3805 e.

193 3818 221 3868 bi
234 3818 338 3869 mavult
354 3817 549 3883 καταρρακτῆς
562 3825 590 3870 st
604 3837 674 3882 mox,
691 3820 737 3870 ubi
787 3827 910 3885 timentes,
929 3840 961 3874 ne
972 3823 1084 3886 infantes
1104 3822 1177 3887 (narn
1195 3818 1228 3871 τὰ
1243 3815 1333 3888 νήπια

193 3881 736 3954 idemreditvoeabulum,anrnnounrriv,
788 3889 890 3941 παιδία
914 3899 1003 3943 mente
1027 3893 1080 3944 hue
1099 3894 1274 3958 repetendum
1299 3911 1332 3946 ex

193 3963 224 4009 ut
235 3963 312 4010 ιάιαιιι
325 3958 459 4011 eiusmodi
470 3959 651 4024 intelligetur,
666 3975 736 4025 quse
787 3962 1023 4026 antecedentibus)
1038 3963 1152 4013 deorsum
1162 3966 1296 4015 uoluuntur
1309 3981 1331 4016 s.

193 4029 285 4080 attolli
308 4045 340 4080 ao
364 4030 473 4080 demitti
491 4035 583 4094 quent.
621 4029 734 4080 Reislrio
783 4034 927 4096 procidant.
959 4035 1058 4083 Forma
1077 4031 1273 4101 κατακυλισθῇ
1293 4051 1333 4084 re-

192 4100 312 4149 aeeessit
336 4098 461 4150 Diodori.
492 4100 518 4149 in
542 4099 623 4150 Thes.
653 4099 732 4164 Liug.
786 4101 1254 4166 petendaeverborumnilvdco,
1278 4121 1331 4156 non

192 4167 290 4218 Graee.
309 4171 355 4219 IV.
375 4187 401 4234 p.
420 4169 485 4219 1165
499 4169 560 4220 eoll.
580 4169 651 4222 1203.
680 4169 734 4220 Sed
786 4188 803 4221 a
816 4170 989 4235 κατακνλίω,
1007 4177 1039 4222 nt
1051 4177 1124 4223 reete
1140 4179 1231 4224 mouet
1245 4175 1332 4226 Cobet

191 4240 266 4287 reete
279 4237 373 4288 rsieeit
383 4239 581 4304 Wosselingius
595 4239 664 4291 hane
677 4257 735 4290 mu·
785 4242 814 4291 in
827 4244 994 4306 lttrremosyn.
1005 4242 1069 4294 Vll.
1080 4259 1106 4306 p.
1124 4243 1170 4294 178
1183 4260 1238 4310 seq.
1252 4243 1330 4310 plura

190 4305 337 4367 tationem,
360 4309 403 4356 eni
424 4309 487 4358 libri
510 4310 607 4372 scripti
628 4325 735 4376 qnoque
785 4311 818 4363 de
830 4311 880 4364 boe
891 4312 974 4363 verbo
984 4327 1017 4362 ae
1026 4313 1158 4365 similibus
1169 4315 1259 4365 verbis
1272 4331 1331 4378 pro-

191 4373 736 4452 sdrersenturomnss,siquidemsuren·
785 4382 885 4434 ferens.
920 4381 988 4434 Add.
1009 4383 1124 4433 Bredov.
1148 4401 1173 4449 p.
1193 4385 1253 4436 371.
1271 4385 1328 4435 140.

191 4457 295 4508 ρακτης
310 4459 415 4510 semper
429 4447 482 4497 sibi
504 4451 637 4500 soeiatsm
653 4449 736 4501 babet
783 4451 862 4516 Apud
872 4452 1020 4503 Homerum
1032 4452 1104 4504 baud
1114 4452 1271 4520 infrequens
1282 4469 1328 4502 κν·

367 4648 408 4655 Α
