2994 4972
201 327 242 392 di
352 371 358 380 ·
635 315 901 384 HERODOTI

201 503 280 574 όνδε
294 505 500 588 συνηνείχθη
513 497 682 586 γενέσθαι.
706 491 892 582 περιϊόντος
901 486 1111 579 Μεγαβάτεω
1125 485 1183 570 τὰς
1197 488 1335 558 ἐπὶτῶν

201 611 291 678 νεῶν
309 601 462 693 φυλακὰς
483 603 536 671 ἐπὶ
550 597 624 680 νεὸς
638 603 796 687 Μυνδίης
818 605 911 686 ἔτυχε
926 592 1038 674 οὐδεὶς
1051 592 1243 682 φυλάσσων.
1264 587 1282 660 ό
1298 591 1335 662 δὲ

205 709 318 782 δεινόν
337 737 368 778 τι
390 705 609 795 ποιησάμενος
630 705 781 773 ἐκέλευσε
808 700 884 782 τούς
905 697 1114 787 δορυφόρους
1142 695 1336 786 ἐξευρόντας

204 813 263 885 τὸν
277 811 420 900 ἄρχοντα
434 808 554 897 ταύτης
567 811 624 896 τῆς
638 805 722 892 νεὸς,
737 811 784 899 τῷ
797 805 923 894 οὕνομα
937 794 1259 892 ήνΣκόλαξ,τοῦτον
1275 804 1334 888 δή·

206 941 261 986 σαι
277 914 331 985 διὰ
345 921 512 1003 θαλαμίης
524 911 693 991 διελόντας
708 915 764 999 τῆς
777 907 851 990 νεός
865 905 947 978 κατὰ
961 911 1069 994 τοῦτο,
1081 910 1142 990 ἔξω
1157 904 1219 995 μὲν
1231 932 1335 993 κεφα-

206 1018 268 1108 λήν
290 1022 485 1103 ποιεῦντας,
513 1025 577 1087 ἔσω
597 1015 633 1084 δὲ
653 1013 690 1083 τὸ
710 1021 812 1104 σῶμα.
849 1015 1005 1090 δεθέντος
1026 1011 1062 1080 δὲ
1083 1013 1143 1079 τοῦ
1161 1009 1337 1088 Σκύλακος

207 1125 395 1211 ἐξαγγέλλει
408 1148 457 1200 τις
470 1125 517 1212 τῷ
532 1116 764 1206 Ἀρισταγόρῃ,
786 1114 837 1185 ότι
851 1113 910 1184 τόν
931 1113 1041 1199 ξεῖνόν
1054 1119 1089 1183 oi
1105 1111 1163 1182 τὸν
1177 1112 1337 1182 Μύνδιον

207 1224 410 1314 Μεγαβάτης
428 1223 528 1313 δήσας
543 1229 743 1311 λυμαίνοιτο.
764 1215 780 1290 ὁ
798 1217 829 1288 δ’
843 1216 954 1288 ἐλθόν
968 1221 1161 1306 παραιτέετο
1176 1214 1234 1286 τὸν
1248 1219 1336 1304 Πέρ-

208 1351 281 1418 σην,
296 1328 472 1416 τυγχάνων
487 1328 523 1396 δὲ
537 1323 674 1404 οὐδενὸς
689 1328 756 1393 τόν
774 1325 893 1408 ἐδέετο,
908 1319 1007 1402 αὐτὸς
1021 1319 1132 1392 ἐλθόν
1148 1328 1253 1391 ἔλυσε.
1273 1347 1336 1388 πυ.

207 1433 351 1520 θόμευος
366 1432 402 1500 δὲ
423 1429 528 1516 πόρια
544 1425 657 1498 δεινὸν
676 1425 850 1515 ἐποιήσατο
870 1421 1124 1514 όΜεγαβοίτης,
1145 1425 1199 1493 καὶ
1221 1428 1337 1510 ἐσπέρ-

208 1561 282 1622 χετο
304 1538 351 1624 τῷ
369 1530 593 1620 Ἀρισταγόρῃ.
632 1526 650 1599 ὁ
680 1530 716 1599 δὲ
743 1531 831 1600 εἶπε·
858 1531 922 1598 Σοὶ
950 1528 986 1597 δὲ
1006 1530 1061 1598 καὶ
1082 1526 1227 1598 τούτοισι
1253 1545 1338 1598 τοῖσι

209 1636 376 1726 πρήγμασι
391 1643 425 1705 τί
436 1638 520 1716 ίστι;
535 1631 577 1703 οὔ
590 1655 626 1703 σε
641 1629 1039 1720 όπέστειλείίρταφέρυης
1053 1633 1128 1719 ἐμέο
1137 1641 1328 1717 πείθεσθαι,
1338 1640 1393 1694 388

209 1741 265 1810 καὶ
279 1742 393 1808 πλέειν
407 1743 455 1827 τῇ
463 1733 505 1806 όν
520 1733 583 1825 ἐγώ
598 1736 740 1816 κελεύεις
769 1743 803 1804 τί
820 1734 924 1804 πολλὰ
939 1735 1111 1825 πρήσσεις;
1143 1739 1253 1804 Ταῦτα
1268 1734 1339 1804 εἶπε

244 1935 259 1995 ό
276 1937 307 1994 δὲ
322 1934 420 1994 δεινόν
438 1957 464 1992 τι
479 1935 671 2006 ποιησάμενος
693 1932 747 1989 ἐκέ-

209 2013 300 2080 λευσε]
319 2013 452 2066 Voculam
463 2027 503 2074 τι,
522 2028 601 2078 quem
614 2026 705 2061 omnes
717 2009 747 2059 li-

208 2084 250 2134 bri
268 2085 364 2149 scripti
379 2084 512 2144 retinent,
538 2081 640 2132 delevit
651 2079 750 2130 Sebae-

209 2153 298 2216 iernn,
315 2155 359 2204 eui
372 2165 500 2204 assensus
510 2156 553 2202 est
562 2151 654 2201 Nuber
664 2148 749 2213 (bine-

210 2238 314 2288 mosyn.
330 2224 378 2276 lv.
394 2239 421 2288 p.
437 2221 497 2286 22),
512 2220 559 2271 sed
574 2220 670 2271 merito
685 2221 749 2269 reti-

210 2298 326 2344 nuerunt
347 2293 448 2357 posteri
469 2290 601 2348 editoresr
625 2294 655 2339 tn
676 2289 749 2340 ooni.

210 2363 265 2426 ΙΙΙ,
279 2365 335 2415 155.
350 2363 426 2422 Vlll,
440 2363 478 2412 15.
488 2359 521 2412 93
536 2365 563 2410 et
575 2375 616 2421 ea,
632 2373 702 2426 qnae
714 2357 749 2408 ad

209 2433 242 2495 V,
259 2435 293 2484 42
310 2437 337 2482 et
351 2433 403 2494 ΙΙΙ,
418 2432 450 2482 14
466 2429 551 2480 alluta
564 2433 635 2481 sunt.

244 2499 346 2552 τοῦτον
364 2499 449 2565 δῆσαι
469 2492 517 2548 διὰ
532 2495 675 2562 θαλαμίης
693 2495 750 2544 διε-

210 2562 312 2629 λόντας
323 2567 373 2634 τῆς
385 2566 448 2625 νεὸς
459 2559 529 2616 κατὰ
541 2564 625 2616 τοῦτο
639 2581 665 2618 τι,
677 2580 699 2615 τ.
712 2563 748 2631 1.]

209 2641 227 2690 i.
238 2658 263 2692 e.
281 2641 436 2702 praesectum
456 2639 527 2686 ιιαοίε
545 2636 645 2701 quaudo
659 2636 751 2698 depre-

208 2709 360 2769 resciissent,
368 2709 441 2758 iussit
451 2706 572 2754 satellites
583 2707 676 2754 vincire
685 2720 750 2753 eam-

210 2791 257 2840 que
274 2777 377 2826 medium
396 2790 445 2836 per
465 2775 598 2834 infimorum
619 2776 688 2822 παολτ
709 2789 750 2823 ττ-

208 2857 302 2893 morum
317 2845 446 2906 foramina
464 2845 500 2893 ita
518 2845 638 2906 aldeam,
660 2849 687 2890 ul
702 2858 750 2892 ea·-

208 2920 410 2975 tremum-eaput
426 2913 592 2974 promineret,
617 2915 750 2962 introrsum

209 2997 301 3046 eorpus
310 2983 438 3046 reliquari.
468 2981 524 3030 Ubi
538 2980 663 3044 displicet
672 2981 749 3032 Wes-

210 3051 319 3116 selingii
335 3052 493 3102 coniectura
504 3046 655 3106 διελώντας
671 3066 749 3115 repo-

798 1929 880 2003 ιόοτε,
906 1941 1093 2006 exspectabas.
1110 1969 1144 1981 -
1168 1939 1210 1990 Ad
1227 1940 1339 1992 verbum

798 2008 962 2073 παραιτέετο
980 2011 1053 2064 euni.
1068 2016 1138 2064 nott.
1153 2011 1187 2060 ad
1203 2011 1260 2072 111,
1280 2010 1337 2064 132.

798 2083 839 2132 Ex
861 2081 912 2130 boo
927 2081 988 2131 loeo
1004 2080 1093 2133 Sehol.
1106 2081 1243 2145 Aristoph.
1256 2083 1338 2146 Vasp.

802 2151 868 2201 1249
882 2155 909 2200 et
922 2150 1022 2202 Suidas
1034 2166 1055 2201 s.
1068 2168 1095 2204 v.
1113 2151 1264 2215 παρῃτεῖτο
1277 2167 1339 2217 pro·

801 2220 936 2281 tulerunt,
958 2219 1030 2286 quod
1045 2235 1112 2272 eave
1127 2222 1258 2285 recipias:
1284 2220 1338 2272 vid.

800 2291 914 2342 Bredov.
934 2306 960 2354 p.
974 2290 1034 2342 310.
1048 2319 1082 2327 —
1102 2291 1134 2340 ln
1154 2305 1230 2355 seqq.
1243 2281 1340 2352 ἐσπέρ-

801 2373 863 2424 ῃετο
877 2364 932 2411 est:
950 2363 1098 2410 succensuit.
1129 2361 1170 2409 De
1191 2376 1242 2424 quo
1256 2359 1339 2410 verbo

799 2429 963 2494 wesseling.
975 2431 1045 2479 uitat
1054 2428 1178 2494 Apollon.
1187 2429 1275 2480 Rhod.
1285 2429 1338 2490 ΙΙΙ,

802 2499 861 2550 516.
874 2499 953 2548 Piud.
965 2500 1043 2552 Nem.
1055 2499 1078 2558 1,
1089 2500 1131 2551 59.
1158 2499 1226 2548 Αδδ.
1238 2498 1340 2550 Herod.

802 2569 824 2626 Ι,
838 2566 871 2616 32
888 2568 948 2620 init.
966 2569 1029 2632 VII,
1043 2569 1107 2630 207,
1126 2568 1172 2618 ubi
1187 2567 1340 2618 Valckena-

802 2637 860 2686 rius
873 2641 1016 2700 praeterea
1034 2638 1166 2688 exeitsvit
1181 2637 1339 2688 callimach.

801 2706 836 2754 Η.
845 2705 872 2755 in
885 2705 995 2769 Darou,
1008 2707 1127 2773 Hesyeh.
1136 2723 1158 2758 s.
1168 2723 1202 2770 v.,
1211 2707 1342 2758 Phuvori-

801 2791 875 2832 num,
886 2777 932 2840 qui
943 2792 1029 2842 aeque
1038 2793 1072 2828 ee
1082 2777 1180 2828 Suidas
1189 2773 1341 2842 σπερχθεὶς
1363 2832 1365 2837 y

801 2845 911 2909 exponit
921 2841 1088 2910 ταραχθεὶς,
1101 2845 1260 2908 θυμωθείς,

836 2909 890 2962 Σολ
911 2909 942 2965 δὲ
962 2913 1008 2966 κα1
1029 2911 1154 2965 τοότοισι
1174 2919 1244 2965 τοῖσι
1268 2907 1341 2980 πρή-

799 2997 883 3047 γμασι
897 2983 926 3032 τί
942 2974 1011 3051 ἔστι]
1036 2987 1054 3036 i.
1069 3001 1091 3038 e.
1117 2986 1173 3036 Tibi
1186 3001 1245 3036 uero
1262 2994 1287 3036 et
1302 2986 1340 3037 lis

799 3053 874 3104 rebus
888 3057 948 3120 quid
962 3071 1084 3106 commune
1096 3063 1149 3114 est‚·
1167 3057 1256 3120 ecquid
1267 3057 1303 3106 αδ
1316 3065 1340 3106 te

209 3122 299 3172 nentis
321 3136 370 3186 pro
391 3110 545 3177 διελόντας.
580 3120 649 3170 Nam
673 3119 749 3170 illum
795 3125 1011 3186 pertinentiam:
1031 3125 1090 3190 prid
1106 3125 1151 3175 tili
1162 3127 1202 3175 ναι1
1216 3141 1236 3175 s.
1250 3127 1343 3190 nepotis·

208 3191 313 3244 vincire
327 3191 454 3241 iubentur·
467 3187 616 3250 satellites,
639 3190 748 3254 qnando
799 3208 851 3242 eam
866 3193 933 3244 disee
951 3204 999 3245 est.
1038 3195 1114 3257 Quae
1131 3195 1339 3258 Valckenarius,

209 3261 327 3330 medium
346 3261 556 3325 intercepissent
577 3258 748 3324 alligassent·
798 3277 866 3312 voce
882 3265 955 3312 τοῖσι
968 3280 1077 3329 prorsus
1096 3265 1198 3328 eiecta,
1219 3266 1260 3314 ita
1276 3279 1340 3314 oon·

209 3347 260 3397 que
274 3329 467 3391 foraminibus,
489 3345 601 3395 corpore
616 3331 656 3379 ita
669 3331 748 3396 quasi
799 3333 878 3382 stitui
900 3331 973 3384 vult:
1003 3329 1048 3382 ool
1076 3325 1109 3382 di
1141 3330 1188 3384 ιιαΙ
1212 3327 1337 3382 τσότοιοι

209 3401 313 3461 diviso,
327 3405 358 3451 ut
368 3399 454 3450 ultera
465 3413 527 3463 pars
538 3404 690 3450 extrorsum
702 3415 748 3466 ep·
799 3401 943 3466 πρῆγμα
956 3401 986 3452 τί
994 3394 1064 3464 ἐστις
1085 3405 1150 3465 Quid
1160 3419 1219 3456 vero
1233 3405 1278 3455 tili
1285 3421 1338 3454 emo

209 3475 327 3534 pareret,
340 3470 426 3520 altera
440 3469 586 3520 introrsum
601 3475 674 3520 esset
686 3485 749 3520 eon·
797 3471 835 3521 lis
848 3469 888 3522 'est
901 3475 1011 3539 repetii?
1039 3475 1138 3524 Latina
1152 3474 1282 3540 quaedam
1297 3474 1338 3524 ai-

209 3538 276 3616 dita.
309 3539 357 3589 ntd
374 3536 518 3601 θαλαμίης
531 3539 748 3590 subaudiendum
798 3543 887 3592 terens
906 3543 1025 3608 itemque
1044 3544 1162 3606 Graeca,
1190 3544 1338 3610 inquibus

208 3605 297 3672 οιτῆς,
319 3607 352 3660 de
370 3623 424 3674 qua
442 3623 509 3658 voce
527 3609 567 3658 ita
584 3608 694 3659 Brnuek
712 3609 748 3659 ed
797 3611 849 3661 hae
876 3613 903 3662 in
927 3613 1062 3664 locutione
1087 3613 1130 3664 vel
1153 3613 1275 3663 additum
1295 3612 1339 3664 vel

207 3676 345 3758 drialopb.
371 3679 435 3728 Pac.
469 3675 550 3727 123²:
585 3677 750 3740 ,,θαλαμιάι
798 3681 927 3732 omissum
946 3680 1223 3747 inveniturrrodypa.
1255 3685 1339 3749 Equi·

208 3744 277 3798 οπαΙ
293 3747 462 3799 vocabantur
486 3747 514 3796 in
534 3747 661 3798 inferiore
682 3749 750 3798 nuri
799 3749 859 3802 dem
882 3751 958 3802 libris
982 3753 1077 3803 invitis
1100 3753 1168 3802 nibil
1190 3754 1338 3819 quidquem

208 3817 362 3878 foramina,
390 3831 437 3880 per
461 3829 532 3880 quae
554 3817 748 3867 exserebantur
798 3825 888 3870 muto:
913 3824 1073 3886 praesertim
1086 3837 1146 3872 cum
1159 3822 1242 3873 simili
1260 3822 1338 3873 modo

207 3887 303 3938 1·emi.“
319 3887 386 3936 ddd.
398 3887 552 3951 interprett.
565 3887 599 3934 ad
610 3885 746 3950 Aristoph.
799 3889 927 3940 Nostrum
937 3890 1057 3940 loentum
1068 3907 1127 3941 esse
1136 3892 1244 3942 videam
1252 3895 1285 3953 V,
1296 3893 1338 3956 84,

208 3957 276 4006 Rau.
303 3955 378 4008 1013.
402 3983 436 3992 -
460 3949 532 4003 κατὰ
553 3951 651 4016 τοῦτο,
676 3955 747 4019 quod
799 3973 877 4022 quem
900 3958 989 4010 locum
1010 3975 1065 4026 una
1087 3977 1148 4010 oum
1172 3961 1235 4013 aliis
1260 3963 1340 4014 affert

208 4025 357 4092 Sebweigh.
375 4024 423 4091 (ef.
438 4025 505 4074 Lex.
519 4024 618 4074 Herod.
629 4025 665 4074 11.
680 4040 707 4089 p.
717 4023 745 4089 9)
797 4029 895 4078 blettb.
908 4029 953 4080 Gr.
965 4029 1009 4078 Gr.
1022 4032 1047 4091 §-
1058 4029 1118 4094 3811,
1132 4032 1155 4091 1,
1166 4045 1193 4079 α.
1203 4047 1265 4096 pag.
1278 4033 1338 4083 716.

208 4096 297 4146 reddit
314 4113 368 4146 ταοι
385 4096 415 4146 ob
433 4108 549 4156 εααειιαι,
568 4101 676 4156 propter
691 4095 745 4155 loe,
798 4099 916 4162 itemque
926 4097 1108 4154 Kuehnerlir.
1118 4100 1166 4152 Gr.
1175 4103 1200 4164 5.
1209 4101 1268 4152 573.
1282 4107 1337 4152 not.
1428 4151 1432 4160 ,

208 4165 299 4215 malim
317 4164 441 4230 equidem
459 4163 584 4214 reddere:
606 4163 652 4213 λου
666 4165 745 4226 ιιιοδο,
799 4169 824 4217 2.
836 4194 871 4204 -
880 4167 920 4216 Ad
931 4158 994 4227 ίμεό
1004 4167 1159 4219 πείθεσθαι
1170 4172 1242 4221 coni.
1251 4173 1283 4232 V,
1295 4173 1337 4224 29.

207 4247 258 4284 nee
267 4250 356 4285 moror
366 4235 438 4299 quod
447 4235 570 4300 sequitur
586 4230 746 4298 ποιεῦντας,
825 4237 855 4285 τί
864 4233 953 4286 πολλὰ
965 4229 1109 4305 πρήσσεις]
1124 4241 1142 4291 i.
1156 4255 1179 4290 e.
1191 4241 1337 4292 rebarque-

207 4315 267 4351 uum
281 4305 429 4368 partieipia
440 4305 542 4370 passim
556 4302 746 4363 adhibeantur,
796 4311 835 4357 m's
849 4309 910 4370 qaid
926 4315 950 4357 te
965 4310 1103 4360 inmisere?
1131 4311 1176 4360 lta
1186 4309 1336 4375 Schweigh.

207 4370 254 4420 ubi
263 4371 434 4436 infinitivum,
445 4373 602 4439 praeposita
611 4373 746 4439 particulis
796 4391 820 4428 a.
834 4377 895 4442 qaid
908 4392 998 4442 carae,
1021 4395 1086 4444 ῃααιι
1102 4381 1139 4430 od
1147 4389 1180 4432 ⁴te
1192 4396 1241 4432 oon
1256 4383 1336 4444 perti-
