3054 4972
488 346 762 410 POLYMNIA.
786 349 858 411 VII.
880 355 1001 412 71-76.
1249 347 1310 410 563

180 516 275 590 αὐτοὶ
290 522 443 606 λέγουσι,
466 520 691 608 Στρυμόνιοι,
713 523 878 602 οἰκέοντες
897 521 951 590 ἐπὶ
964 519 1155 608 Στρυμόνι·
1193 524 1309 604 ἐξανα-

179 629 296 712 στῆναι
311 627 351 692 de'
363 643 445 710 φασι
459 626 492 707 ἐξ
507 621 621 712 ἠθέων
635 621 701 693 ὑπό
722 629 880 713 Τευκρῶν
898 651 931 693 τε
952 625 1007 692 καὶ
1021 629 1164 693 Μυσῶν.
1206 632 1308 712 Θρηΐ·

179 754 249 796 κων
263 727 298 795 δὲ
321 729 445 795 reio-dv
466 733 506 817 τῇ
520 724 612 817 Ἀσίῃ
630 719 711 816 ἦρχε
724 729 899 815 Βασσάκης
919 723 937 796 ὁ
957 723 1162 814 Ἀρταβάνου
1176 779 1307 798 ........
1317 741 1356 801 lu

178 828 321 910 ἀσπίδας
337 830 374 898 δὲ
395 827 583 918 ὠμοβοΐνας
598 829 688 918 εἶχον
706 830 863 920 σμικρός,
885 831 940 899 καὶ
962 830 1148 918 προβόλους
1163 831 1225 900 δύο
1246 840 1306 900 lv-

213 986 270 1044 όπὸ
284 991 417 1058 Τευκρῶν
426 1008 454 1043 τε
465 989 512 1043 καὶ
521 993 641 1062 Μυσῶν]
657 996 717 1045 Vid.
771 997 896 1062 displicet
918 995 1090 1059 Wessolingii
1113 988 1249 1046 sententis
1278 995 1310 1046 de

179 1065 398 1129 ααμιιι1111,·ὶ11.
415 1065 453 1128 V,
467 1064 507 1117 13.
541 1063 571 1116 C.
587 1064 620 1114 0.
634 1065 720 1116 Muel·
771 1066 920 1130 Chalybum
933 1071 1014 1131 geute
1026 1065 1159 1116 Rredovio
1172 1081 1198 1130 p.
1214 1066 1254 1124 14,
1272 1065 1311 1114 la-

180 1134 231 1184 ler:
245 1135 311 1186 Dor.
320 1135 342 1187 1.
351 1149 376 1199 p.
386 1134 403 1185 9
415 1141 455 1184 et:
470 1134 560 1186 Ueber
573 1134 616 1184 die
626 1135 721 1187 Meke-
771 1152 868 1188 cunam
880 1137 907 1185 in
922 1136 1084 1186 Herodoteis
1102 1135 1177 1185 libris
1190 1133 1309 1184 hocloco

179 1203 241 1257 don.
256 1219 318 1268 pag.
331 1203 378 1266 311,
394 1204 440 1253 ubi
453 1203 498 1254 ille
511 1203 544 1254 de
555 1205 719 1256 Teucrorum
770 1207 883 1271 reperiri
897 1211 1051 1266 statuente,
1074 1207 1192 1268 itemque
1204 1203 1309 1254 Ukerto

179 1273 351 1338 expeditione
374 1272 580 1338 Lycophrouem
603 1275 721 1325 conferri
771 1274 938 1340 (Geogropb.
952 1273 1097 1326 dorlech.
1111 1289 1137 1323 u.
1149 1274 1242 1324 Roem.
1255 1273 1309 1336 111,

180 1345 238 1394 vult
254 1344 315 1393 11141
330 1343 476 1408 Mysusque
489 1343 579 1402 uddit,
596 1345 643 1409 qui
659 1339 719 1393 curn
771 1347 797 1399 2.
810 1360 870 1410 pag.
884 1345 934 1395 525
946 1343 1034 1409 seq),
1049 1344 1097 1408 qui
1108 1349 1230 1393 veterum
1244 1344 1308 1392 scri-

180 1413 293 1464 'l'eucris
303 1413 330 1460 iu
343 1413 477 1477 Europum
488 1415 653 1478 transgressi
663 1414 720 1464 lue·
771 1423 879 1480 ptorum
890 1413 965 1464 locos
979 1415 1013 1464 de
1025 1413 1076 1462 hee
1089 1417 1168 1477 gente
1182 1415 1310 1461 securete

179 1483 248 1544 rint,
275 1487 372 1546 postea
395 1489 525 1548 tanquam
543 1483 652 1533 Moesos
677 1498 721 1534 re·
770 1489 929 1550 persecutus
955 1488 1011 1545 est,
1043 1497 1123 1547 quem
1146 1481 1251 1530 Dubois
1278 1481 1311 1530 dc

179 1555 253 1616 gioni
271 1551 396 1616 ampliori
414 1567 512 1602 nomeu
530 1551 647 1604 dedisse.
679 1553 720 1603 De
769 1551 948 1618 Montpdreux
975 1553 1099 1618 (voyage
1125 1567 1160 1600 au
1187 1551 1311 1601 Caucaso

180 1638 233 1687 quo
250 1621 374 1686 equidem
391 1621 535 1672 decernere
553 1620 648 1672 nolim:
674 1638 720 1672 ne·
772 1624 819 1676 lv.
839 1639 864 1688 p.
888 1623 945 1686 138)
970 1622 1048 1672 sedes
1069 1621 1195 1672 habuisse
1218 1626 1312 1671 censet

181 1707 232 1755 que
253 1706 317 1740 vero
341 1690 435 1740 dubito
456 1706 548 1742 verum
568 1705 627 1742 csse
649 1691 720 1758 quod
771 1694 799 1742 in
812 1707 882 1758 pago
893 1692 1047 1751 Armeniae,
1071 1691 1197 1741 cuinune
1212 1705 1311 1740 nomen

181 1760 335 1810 Herodotus
353 1767 380 1810 et
398 1759 424 1813 b.
439 1759 457 1808 1.
471 1767 499 1810 et
512 1775 594 1824 supra
607 1762 672 1823 VH,
686 1761 720 1812 20
772 1764 856 1825 Koulp
879 1763 937 1812 sive
956 1761 1041 1825 coppi
1066 1759 1139 1824 epod
1159 1759 1309 1818 Armenios,

179 1829 264 1880 tradit
277 1828 309 1880 de
323 1828 409 1894 Mysis
429 1844 462 1879 ac
475 1831 601 1894 Teucris,
621 1835 667 1895 qui
688 1845 721 1880 ex
771 1847 825 1882 non
850 1831 929 1897 longe
952 1835 1055 1881 remoto
1078 1829 1123 1879 illo
1147 1829 1252 1894 quidem
1275 1828 1310 1877 eb

180 1901 246 1948 Asie
260 1897 376 1964 proiecti
390 1898 468 1949 sedes
481 1900 508 1948 in
522 1901 632 1964 Esrropa
646 1906 721 1950 uxta
771 1902 837 1952 urbe
859 1907 886 1952 et
909 1901 1031 1966 regione,
1056 1914 1124 1963 quse
1144 1898 1216 1963 Τίμα
1239 1912 1310 1946 nunc

181 1968 350 2033 Strymonem
366 1969 425 2033 (per
437 1969 625 2019 Macedoniam
638 1971 721 2035 igitur
771 1976 902 2032 vocetur,
927 1969 998 2020 unde
1016 1967 1104 2018 adbuc
1122 1967 1188 2018 terri
1205 1967 1312 2030 copiam

181 2054 215 2088 ac
226 2039 384 2103 Threciam)
398 2039 529 2102 ceperint,
542 2039 637 2090 eiectis
650 2041 722 2105 prio·
771 2040 912 2105 provenire
930 2039 1016 2088 addit.
1043 2036 1174 2088 Herodoti
1189 2033 1313 2099 Chalybes

181 2107 256 2158 ribus
281 2107 377 2158 incolis
403 2115 432 2158 et
458 2110 486 2157 in
513 2109 604 2158 Asiam
633 2111 718 2174 ipsam
771 2126 819 2174 pro
842 2116 921 2174 parte
948 2107 1068 2158 nationis
1091 2106 1250 2156 Cimmeriee
1273 2101 1313 2151 di-

182 2177 341 2235 translatis;
365 2177 419 2227 vid.
432 2176 531 2228 Giseke
550 2177 567 2231 1.
585 2177 602 2230 1.
615 2195 679 2245 pag.
694 2183 719 2232 ’2.
771 2195 896 2245 spersse,
911 2193 981 2243 quae
995 2176 1029 2226 sd
1042 2173 1133 2238 Halyn
1145 2189 1177 2223 uc
1193 2173 1312 2235 Sinopen

181 2247 242 2298 Hoc
257 2247 340 2312 igitur
357 2247 381 2297 si
400 2262 493 2297 verum
511 2263 571 2298 esse
588 2249 721 2300 iudicabi·
771 2249 942 2308 consederit,
967 2243 1062 2296 haberi
1084 2243 1144 2292 vult
1162 2241 1310 2292 Voelcker:

182 2323 240 2378 tur,
261 2323 332 2380 tum,
354 2315 525 2367 Gerlacbium
538 2319 561 2367 si
574 2334 721 2384 sequemur
771 2319 858 2383 Mytb.
875 2317 972 2382 Geogr.
990 2331 1016 2380 p.
1031 2313 1092 2364 209.
1125 2313 1166 2361 De
1182 2310 1313 2374 Aeppptr'ie

181 2383 341 2451 (Zeleukos,
358 2385 532 2445 Charondae,
549 2388 720 2453 Pythagoras
771 2405 805 2440 ne
819 2389 880 2454 quis
892 2387 936 2437 bic
948 2385 1065 2449 cogitet:
1084 2383 1184 2447 quippe
1198 2392 1311 2444 quorum

180 2471 242 2521 μορ.
256 2455 312 2520 25),
327 2470 360 2506 ea
373 2471 494 2522 quoque,
511 2471 581 2522 quae
593 2458 626 2510 de
638 2461 721 2510 Ante·
770 2457 846 2509 ιια11ι
855 2459 884 2508 iu
895 2455 947 2506 boc
957 2453 1079 2520 gentium
1093 2451 1183 2500 indice
1197 2447 1312 2504 mentio:

180 2539 246 2576 nore
262 2526 298 2575 ad
310 2525 409 2576 ltaliae
422 2541 484 2576 ores
500 2527 623 2591 proiecto
636 2533 719 2594 etque
771 2543 833 2578 nam
850 2528 909 2592 ipse
926 2524 1081 2576 Herodotus
1105 2535 1216 2598 causam
1235 2515 1313 2594 uliert

180 2595 214 2646 de
228 2596 295 2659 ipsis
309 2595 438 2647 Troianis
456 2597 483 2646 in
495 2597 604 2647 Latium
619 2598 717 2650 delatis
769 2600 824 2660 111,
838 2597 880 2650 32,
917 2594 1039 2646 Steinius
1052 2606 1149 2641 nornen
1159 2585 1314 2666 'Trevve'uv

164 2657 440 2731 'traduntur,neque
453 2665 572 2716 dubitari
584 2683 670 2732 neque
684 2669 718 2719 sd
768 2667 853 2734 (quod
875 2666 945 2716 idem
966 2678 1063 2714 nomen
1087 2675 1136 2726 pro
1167 2655 1314 2734 Τγενυεων

180 2749 223 2784 res
236 2734 408 2787 incredibiles
419 2734 514 2786 referri
527 2742 665 2802 poterunt.
771 2739 858 2788 altero
870 2734 1006 2786 Herodoti
1022 2731 1081 2782 loco
1094 2730 1153 2788 111,
1170 2728 1205 2780 90
1219 2739 1313 2804 repom

771 2805 842 2871 vult)
862 2806 907 2855 bic
922 2803 1055 2854 excidisse
1069 2798 1225 2862 suspicatur
1238 2793 1314 2858 (Vin-

770 2878 839 2928 dico.
855 2873 976 2926 Horodd.
990 2870 1106 2936 Speuim.
1120 2883 1182 2932 pag.
1195 2863 1245 2926 11),
1255 2877 1315 2926 pro-

266 2943 269 2948 ’
345 2939 412 2989 cff-
432 2940 554 2991 LxxVl·
769 2961 872 2998 vocans
891 2924 1314 3008 sttepban.Bya.¹(''Prevvu·

770 3008 982 3072 eccleclesiae·
1002 3000 1146 3067 όοίκέτιορ
1162 2997 1314 3063 Ττεννιυς)

216 3065 338 3130 ἀσπίδας
349 3067 380 3124 δὲ
390 3069 551 3139 ὠμοβοΐνας
563 3069 651 3142 εἶκον]
669 3079 685 3127 ἰ.
697 3095 720 3130 e·
772 3085 921 3147 eodemque
943 3094 1076 3132 revocans
1090 3069 1243 3134 Ἐτεννεῖς,
1268 3069 1315 3135 qui

180 3146 275 3206 clipeos
292 3143 417 3192 Imbebuut
441 3145 529 3194 bovino
551 3149 621 3196 corio
645 3162 667 3200 s.
687 3163 721 3196 ec
773 3151 848 3218 apud
867 3150 963 3214 Polyb,
987 3151 1025 3208 V,
1044 3145 1077 3196 73
1102 3149 1130 3194 et
1153 3141 1316 3199 Κατεννεῐς,

180 3216 260 3260 crustu
279 3213 347 3262 bouis
366 3215 431 3274 pelle
449 3215 588 3277 confectos,
613 3219 642 3264 ut
659 3217 722 3277 vll,
773 3222 821 3286 qul
837 3219 909 3283 apud
923 3217 1050 3268 Strabon.
1061 3229 1087 3278 p.
1098 3215 1149 3264 570
1165 3225 1316 3262 memoran-

181 3283 274 3345 71191,
287 3282 333 3332 ribi
342 3283 474 3346 quaedem
486 3282 580 3332 attulit
590 3283 721 3336 veletren.
772 3297 831 3346 tun
847 3287 881 3336 de
891 3302 944 3350 quo
955 3300 1009 3334 non
1020 3281 1107 3345 magis
1121 3285 1224 3332 certum
1235 3293 1314 3344 quam

181 3353 265 3403 Recte
284 3367 348 3402 vero
366 3345 497 3402 statuisse
514 3352 640 3402 videntur
653 3353 723 3402 l'su·
773 3358 807 3407 de
823 3355 1084 3417 chalybumgente,
1109 3350 1187 3400 cuius
1203 3348 1316 3398 mentio·

181 3423 248 3472 wius
259 3427 286 3472 et
297 3421 493 3486 Wesselingins
506 3427 569 3470 snte
579 3419 628 3470 bas
642 3435 723 3470 voces
774 3441 835 3475 nem
847 3423 893 3472 bio
908 3423 985 3471 iniici
997 3435 1076 3485 posse
1091 3424 1176 3483 negat
1188 3418 1259 3468 idem
1274 3417 1316 3466 vir

180 3490 311 3542 nonnulle
321 3491 466 3552 excidisse,
482 3491 516 3540 ad
528 3505 599 3554 quae
612 3488 664 3538 hoe
678 3505 724 3538 t'0-
774 3494 881 3552 doctus,
889 3492 916 3539 id
926 3505 1031 3555 quoque
1039 3487 1155 3552 amplius
1163 3490 1317 3551 suspicans,

180 3578 225 3614 ces
245 3563 321 3625 ipsse
343 3562 495 3625 pertinent,
521 3560 555 3608 de
573 3557 630 3607 alis
642 3563 724 3622 gente
776 3561 912 3610 incudem
926 3559 1025 3609 lacuna
1038 3557 1101 3608 olim
1114 3571 1221 3622 quoque
1234 3555 1317 3605 exsti-

181 3639 264 3697 atque
282 3630 430 3692 'Pbrecica,
456 3630 535 3679 cuius
555 3629 584 3676 iu
604 3627 726 3690 proxime
777 3631 845 3680 tisse
859 3644 955 3690 nomeu
967 3624 1125 3688 Λασονίων,
1138 3626 1181 3678 vel
1193 3631 1223 3674 ut
1236 3621 1318 3674 scribi

180 3699 408 3752 antecedentibus
421 3714 491 3748 nuno
504 3697 534 3746 lit
548 3696 664 3758 mentio,
687 3697 727 3745 in·
778 3698 838 3748 vnit
852 3694 1008 3754 Ανσινίων,
1029 3695 1098 3746 mule
1111 3695 1272 3746 trensletum
1291 3693 1318 3740 in

182 3767 354 3834 telligendse.
400 3769 535 3832 (Μῃόνιον
561 3765 726 3816 mentionem
781 3783 841 3831 cap.
854 3769 886 3818 Π
903 3766 1024 3828 initium,
1045 3765 1156 3830 expulso
1171 3763 1241 3827 quod
1257 3761 1319 3810 olim

181 3839 271 3888 omitti
293 3838 365 3888 lrsrrd
391 3837 459 3886 ruste
483 3835 643 3899 suspicatus
668 3841 730 3885 erat
784 3837 821 3886 ibi
855 3835 995 3900 legebatur
1025 3831 1191 3898 Κιβυρῆται.
1242 3831 1319 3891 Quae

182 3906 380 3972 wesselingius
402 3912 458 3954 tum
481 3905 515 3954 ob
532 3905 632 3952 Martis
657 3902 731 3968 quod
783 3921 865 3970 quam
885 3905 989 3954 ineerta
1012 3905 1083 3965 sint,
1104 3915 1183 3952 uerno
1204 3914 1258 3948 non
1283 3899 1322 3947 vi·

182 3978 313 4028 continno
328 3981 492 4024 memoratur
504 3971 660 4032 oraculum,
674 3979 731 4022 tum
786 3975 848 4024 dete
867 3973 893 4022 id
905 3989 985 4024 unum
1001 3978 1103 4022 certum
1115 3970 1222 4022 videtur
1236 3980 1324 4028 neque

184 4063 216 4098 ρο
237 4045 309 4109 quod
330 4044 465 4106 Clrelybes
492 4043 625 4108 gentibus
648 4055 734 4105 supra
786 4043 843 4093 ullo
857 4043 934 4094 modo
947 4041 1139 4096 dubitsndum,
1157 4037 1284 4086 lacunam
1298 4036 1325 4082 in

184 4115 341 4168 memoratis
354 4113 459 4162 fuerint
475 4112 573 4162 affines
590 4111 611 4172 1,
623 4109 670 4168 28.
685 4111 735 4159 ubi
789 4112 967 4172 Herodoteis,
990 4110 1084 4176 qualia
1101 4122 1173 4157 nunc
1192 4104 1327 4166 teruntur,

183 4186 238 4238 vid.
255 4187 324 4234 nott.
354 4182 461 4244 Quibus
473 4180 561 4238 adde,
576 4179 649 4244 quod
661 4179 738 4228 Mur-
791 4187 899 4232 exstare
908 4195 1019 4244 eamque
1030 4177 1218 4243 perantiquam
1231 4187 1292 4222 esse
1303 4180 1333 4224 et

183 4261 216 4308 tis
229 4256 301 4305 lilius
315 4252 417 4302 dieitur
427 4249 565 4312 Chalybs,
581 4249 653 4297 unde
663 4247 740 4296 Cha·
791 4250 869 4300 libris
881 4249 1002 4314 scriptis,
1017 4249 1063 4313 qui
1076 4245 1162 4294 adbuc
1175 4249 1336 4308 supersunt,

183 4327 260 4391 lybee
271 4320 402 4387 appellati
412 4323 494 4380 eunt,
513 4316 688 4368 testeSclrel.
704 4317 741 4366 ad
795 4321 922 4384 priorem:
938 4317 1099 4383 qnaleouua
1108 4325 1170 4361 num
1180 4307 1259 4358 rlrsois
1269 4326 1340 4376 quo.

184 4394 309 4463 Apollon.
321 4389 409 4443 Rbod.
425 4389 527 4452 Argon.
541 4385 580 4446 11,
594 4385 656 4437 373.
683 4385 743 4435 Neo
799 4404 849 4454 que
864 4403 972 4449 nomen,
987 4385 1060 4450 qood
1073 4385 1102 4431 in
1116 4379 1168 4428 bec
1178 4383 1262 4442 gente
1273 4389 1343 4438 reti.

1071 4461 1139 4528 36*
