3002 4972
631 333 896 396 HERODOTI

348 500 405 564 Καὶ
424 494 486 564 τότε
501 495 555 582 δὴ,
573 505 702 582 Μίλητε,
721 503 822 563 κακῶν
838 494 998 580 ἐπιμήχανε
1014 498 1125 580 ἔργον,

346 609 479 668 πολλοῖσι
494 599 615 668 δεῑιινόν
631 628 661 666 τε
677 603 727 665 καί
742 595 838 686 ἆγλαδι
855 605 935 684 δῶρα
950 597 1076 686 γενήσῃ·

348 705 397 767 σαὶ
415 700 441 766 δ’
459 699 558 787 ἄλοχοι
572 712 705 768 πολλοῖσι
720 699 812 780 πόδας
828 708 950 782 νίψουσι
969 698 1129 782 κομήταις·

348 811 424 888 νηοῦ
438 802 465 870 δ’
483 800 624 890 ἡμετέρου
640 802 785 888 Διδύμοις
798 801 912 868 ι’ίλλοισι
927 800 1056 884 μελήσει.

203 939 283 1012 Τότε
304 935 346 1028 δὴ
366 941 470 1007 ταῦτα
493 933 570 1016 τοδς
589 942 778 1024 Μιλησίους
798 932 1044 1021 κατελάμβανε,
1075 929 1129 1002 ὅτε
1148 960 1186 1021 γε
1210 930 1332 1022 ἄνδρες

199 1129 328 1192 spectans
348 1121 470 1172 affertur.
499 1120 568 1172 (lum
585 1137 651 1173 vero
664 1121 741 1186 Argi·

198 1210 292 1246 vorum
307 1208 350 1243 res
365 1191 438 1242 nullo
452 1195 534 1257 paeto
547 1207 609 1242 cum
623 1191 741 1241 Milesio·

200 1281 257 1317 rum
268 1263 346 1313 rebus
358 1261 523 1311 cohaereant
535 1261 741 1326 necquidquam
764 1297 768 1304 τ

199 1348 340 1388 οοαιυιοαε
351 1330 473 1380 habeant
484 1331 539 1380 nisi
549 1329 647 1381 bellum
661 1331 742 1379 utris-

201 1420 254 1470 que
269 1403 372 1467 pariter
387 1398 459 1449 mala
472 1399 597 1460 afferens,
610 1399 673 1450 inde
688 1399 742 1448 col-

200 1473 251 1537 ligi
264 1471 323 1521 vult
336 1467 452 1520 Schoell.
468 1466 578 1532 (Pbilol.
594 1468 627 1519 X.
645 1484 672 1532 p.
685 1467 741 1532 ur),

201 1540 370 1590 Herodotum
392 1537 443 1586 hoo
462 1537 616 1598 oraculum,
643 1539 670 1586 in
690 1553 741 1602 quo

203 1610 316 1660 duarum
328 1607 448 1672 gentium
459 1611 513 1656 tarn
525 1606 691 1658 diversarum
700 1622 743 1656 res

202 1681 232 1730 in
244 1693 325 1730 unum
336 1675 497 1726 coniunctae
509 1676 625 1736 fuerint,
638 1677 744 1727 desum-

203 1748 293 1814 psisse
304 1761 318 1794 e
329 1744 490 1795 collectione
500 1745 617 1810 quadam
628 1745 743 1812 Pythiae

205 1813 317 1868 oracula
333 1812 538 1878 complectente,
553 1815 660 1880 qualem
673 1815 745 1865 scili-

204 1890 248 1937 oet
259 1883 481 1934 comminiscitur.
503 1884 555 1934 Sed
565 1884 632 1936 haec
643 1891 669 1935 et
680 1885 743 1944 alie,

203 1969 275 2022 quas
294 1953 327 2004 de
349 1953 453 2002 oraculi
481 1959 579 2004 natura
603 1959 630 2004 et
654 1953 745 2003 indole

203 2024 318 2090 profert,
333 2021 402 2072 talia
414 2027 486 2086 sunt,
501 2039 570 2089 qnae
582 2025 655 2073 omni
666 2038 746 2088 argu-

203 2095 295 2144 mento
315 2091 449 2143 destituta
466 2107 526 2142 cum
547 2092 614 2154 siut,
636 2093 745 2158 probari

204 2166 351 2228 nequeant.

238 2225 295 2282 Kal
307 2223 371 2281 τότε
384 2221 431 2294 δὴ,
443 2227 553 2292 Μίλητε
566 2243 590 2278 κ.
601 2247 626 2284 τ,
638 2229 673 2296 λ]
693 2232 746 2280 Vo-

204 2301 267 2354 cula
284 2295 332 2350 καλ
351 2299 466 2365 respicit
483 2314 549 2348 sane
574 2301 609 2350 ad
631 2300 745 2350 alteram

205 2371 310 2423 oraculi
322 2375 426 2435 partem
445 2384 646 2434 praegressum,
666 2385 745 2436 quarn

203 2442 313 2506 Argivis
326 2439 420 2490 datam
432 2440 531 2489 Noster
544 2438 616 2489 inira
630 2455 747 2490 comme·

205 2515 296 2562 morat
306 2510 361 2568 VI,
377 2511 419 2561 77.
445 2509 477 2558 In
491 2507 558 2572 ipsis
570 2509 674 2559 oraculi
686 2524 746 2559 ver·

205 2581 281 2632 sibus
298 2569 472 2642 sceptrigerae
486 2576 567 2642 (quas
578 2594 648 2639 vox,
663 2593 748 2642 qnan-

205 2655 262 2700 tum
275 2648 354 2708 novi,
374 2647 502 2709 nuspiam
515 2648 586 2708 apud
600 2645 669 2696 alios
684 2649 747 2696 scri-

205 2723 298 2783 ptores
323 2713 473 2778 reperitur)
502 2713 604 2764 dicitur
626 2715 747 2778 Miletus,

207 2801 272 2850 quas
283 2786 349 2832 mala
360 2798 439 2844 opera
448 2785 554 2841 nrolitrrr,
566 2785 677 2835 aPersis
688 2785 747 2835 soil.

206 2853 333 2905 delicians
347 2853 434 2916 iisque
446 2851 593 2903 obsistens.
612 2855 691 2915 Quod
704 2870 749 2904 ve-

207 2939 236 2973 re
259 2937 291 2970 ac
311 2921 458 2985 prudenter
475 2920 599 2982 Pythiam
620 2923 747 2985 edixisse,

207 2989 330 3042 Milesios
347 3005 364 3039 a
384 2989 535 3040 deiectione
552 2997 584 3040 ut
602 2997 746 3054 averteret,

207 3059 290 3110 facile
302 3057 477 3124 intelligitur:
496 3075 579 3120 qnare
590 3059 640 3110 boc
654 3077 747 3112 oracu-

207 3130 262 3180 lum
282 3128 354 3178 baud
374 3129 431 3180 seio
446 3143 481 3177 an
498 3129 532 3180 iis
550 3131 748 3181 accensendum

207 3199 253 3261 sit,
268 3214 338 3263 quae
356 3212 486 3248 summam
502 3199 673 3250 sacerdotum
687 3216 749 3264 pru-

208 3269 329 3319 dentiam
339 3267 488 3332 declarant,
503 3269 618 3320 inrebus
630 3270 747 3335 publicis

207 3337 371 3389 Graecorum
402 3338 575 3402 conspicuam
603 3355 748 3404 eorumque

207 3407 292 3459 saluti
312 3407 528 3472 prospicientem]
546 3410 639 3474 probis
658 3411 749 3460 oonsi-

207 3477 268 3539 liis,
291 3492 361 3542 quae
384 3477 587 3530 sciscitantibus
609 3479 748 3530 darentur.

208 3548 295 3609 Quam
313 3545 481 3610 prudentiam
503 3563 535 3597 ex
552 3555 684 3599 accurata
706 3565 747 3599 re-

207 3630 266 3666 rum
280 3632 313 3666 aa
326 3615 411 3664 totins
424 3621 514 3666 status
526 3618 690 3668 Graecorum
704 3635 748 3668 eo·

207 3685 330 3750 gnitione
346 3684 457 3734 fluxisse
475 3692 685 3738 consentaneum
708 3691 750 3738 est

208 3769 294 3820 eoque
307 3753 420 3815 sactum,
432 3758 463 3803 ut
473 3769 515 3806 res
525 3761 671 3808 eventuras
685 3775 749 3823 quo-

208 3821 351 3874 dammodo
378 3823 537 3887 praevidere
566 3831 648 3891 atque
676 3828 748 3878 bono

209 3891 323 3943 consilio
346 3907 393 3956 per
424 3894 561 3944 oraculum
589 3896 653 3946 dato
677 3896 749 3947 mala

209 3962 378 4012 imminentia
394 3967 516 4014 evertere
527 3967 679 4030 potuerint,
695 3983 749 4017 mo-

211 4033 245 4082 do
257 4033 375 4096 ipsorum
385 4033 499 4083 consilio
507 4035 681 4085 sciscitantes
689 4035 749 4086 obe-

211 4101 313 4152 dirent:
327 4101 354 4149 id
365 4101 523 4165 quodlones
534 4103 685 4168 neglexisse
693 4121 749 4155 rna·

211 4170 339 4221 nifestum
352 4175 401 4220 est.
428 4171 508 4220 Iones
520 4173 661 4223 enimcum
678 4175 750 4224 deie-

211 4240 314 4290 cissent
328 4244 411 4305 atque
426 4239 548 4303 inprimis
562 4241 675 4304 Milesii,
689 4259 750 4294 oum

211 4307 360 4359 soliPersis
372 4309 499 4360 resistere
507 4309 615 4374 vellent,
625 4311 697 4362 baud
708 4329 751 4364 aa·

211 4377 247 4427 tis
264 4380 416 4443 respexisse
427 4377 553 4432 videntur
568 4380 603 4431 ad
618 4383 750 4449 magnitu-

791 1121 880 1170 dinem
900 1117 929 1168 'et
945 1119 1096 1182 potentiam
1114 1119 1276 1176 Persarum,
1297 1119 1333 1169 ad

791 1204 923 1239 summam
936 1188 1075 1249 copiarum
1090 1189 1154 1248 virn,
1169 1188 1268 1252 quibus
1280 1187 1334 1252 ipsi

791 1259 956 1324 reliquorum
962 1257 1126 1308 Graecorum
1137 1257 1238 1308 auxilio
1252 1257 1334 1308 desti·

792 1331 847 1382 tuti
861 1328 991 1377 resistere
1005 1342 1058 1378 uon
1071 1328 1220 1391 potuerint.
1243 1328 1333 1392 Atque

791 1404 823 1451 ut
836 1402 941 1448 taceam
956 1397 989 1446 de
1005 1396 1159 1458 discordia,
1178 1412 1248 1460 quae
1261 1397 1334 1456 inter

793 1471 911 1522 Graecos
927 1471 1023 1517 exorta
1037 1471 1094 1530 est,
1116 1481 1176 1515 eum
1189 1466 1332 1516 Persarum

793 1537 890 1602 copiae
906 1537 1070 1586 coniunctae
1086 1535 1168 1584 unius
1187 1535 1264 1585 ducis
1285 1537 1334 1585 inr-

793 1607 896 1674 perinm
908 1611 1093 1670 sequerentur,
1106 1605 1181 1668 ipsos
1190 1605 1334 1655 Persarum

794 1676 896 1727 milites
909 1679 1036 1726 strenuos
1048 1689 1080 1723 ac
1096 1673 1181 1722 fortes
1195 1674 1289 1738 fuisse,
1305 1675 1334 1724 in

794 1745 872 1797 bellis
884 1744 1008 1809 gerendis
1020 1742 1194 1800 exercitatos,
1210 1747 1269 1808 quis
1283 1749 1334 1806 est,

795 1817 841 1882 qui
854 1815 953 1879 neget?
974 1813 1053 1863 lones
1065 1815 1161 1862 contra
1176 1813 1209 1861 ob
1222 1815 1335 1864 divitias

796 1888 824 1936 in
842 1883 977 1934 luxuriam
997 1883 1133 1947 prolapsi,
1158 1881 1272 1933 mollitie
1290 1884 1335 1934 de·

795 1954 904 2020 pravati
923 1957 951 2002 et
968 1967 985 2001 a
997 1951 1161 2016 gravissimo
1174 1951 1240 2002 belli
1254 1967 1334 2016 opere

795 2022 949 2073 abalienati
961 2021 1047 2072 fuisse
1063 2020 1235 2080 visoncensi
1248 2023 1334 2088 respi-

795 2094 899 2143 ciamus
912 2108 954 2153 ea,
966 2107 1036 2156 qnae
1047 2106 1107 2154 cap.
1121 2091 1151 2140 λλ
1166 2097 1336 2142 enarrantur.

796 2165 873 2226 Quae
885 2163 975 2211 omnia
993 2161 1097 2211 oraculi
1112 2161 1254 2210 consilium
1268 2161 1337 2212 satis

795 2233 913 2297 probant
922 2229 1055 2296 simulque
1066 2231 1172 2282 tristem
1180 2231 1268 2282 Mileti
1279 2245 1337 2282 sor-

796 2307 850 2353 tem
865 2302 933 2350 satis
947 2300 1093 2365 explicant.

831 2363 924 2426 πόδας
939 2367 1058 2430 νίψουσι
1071 2361 1218 2433 κομήταις]
1247 2368 1336 2435 Signi-

796 2441 860 2491 ficat
884 2438 1175 2502 oraonlum,ll1ilesios
1196 2439 1286 2488 victos
1306 2439 1337 2487 in

796 2511 954 2561 servitutem
968 2509 1115 2559 abductum
1128 2509 1170 2570 iri,
1184 2508 1225 2557 ita
1237 2511 1268 2556 ut
1281 2523 1337 2558 rnu-

796 2580 877 2630 lieres
895 2592 1034 2628 servarum
1051 2576 1265 2641 ancillarumque
1281 2591 1339 2627 mu·

797 2651 843 2699 nia
867 2648 991 2713 vulgaria
1017 2651 1158 2710 praestent
1185 2646 1338 2696 victoribus

798 2720 904 2779 Persis,
926 2717 1022 2783 quibus
1041 2715 1179 2765 lavacrum
1200 2719 1264 2765 ante
1278 2729 1338 2765 eoe-

797 2803 861 2838 nam
872 2802 920 2852 pro
930 2803 1003 2836 more
1014 2785 1182 2835 sumentibus
1196 2783 1278 2847 pedes
1290 2784 1338 2834 ab·

798 2858 885 2907 luant.
919 2856 951 2904 ld
970 2853 1102 2919 quodvsl
1123 2869 1155 2904 ex
1174 2854 1286 2904 Homeri
1302 2853 1338 2904 0-
1429 2901 1435 2914 ,

799 2926 872 2991 dyss.
891 2927 944 2986 IV,
962 2925 996 2976 48
1016 2939 1091 2988 seqq.
1109 2929 1212 2972 notum.
1233 2923 1337 2972 -Pro

798 2987 936 3058 κομήταις
946 2993 1018 3058 apud
1031 2995 1124 3042 Tasta.
1138 2991 1207 3042 Chil.
1217 2993 1295 3044 VIII.
1309 3009 1336 3056 p.

798 3063 850 3133 399
871 3063 941 3114 male
963 3054 1127 3126 κοσμήταις.
1173 3065 1243 3114 Nam
1267 3062 1339 3111 indi-

798 3139 896 3186 cantur
909 3133 1047 3192 bomines,
1065 3133 1111 3198 qui
1132 3147 1236 3182 comam
1252 3147 1272 3184 s.
1291 3147 1339 3180 ca-

798 3203 878 3268 pillos
905 3202 997 3262 alunt;
1022 3202 1076 3251 vid.
1103 3201 1181 3252 modo
1206 3201 1339 3251 Theseus.

798 3273 877 3337 Ling.
894 3272 991 3323 Graec.
1004 3271 1050 3322 IV.
1064 3287 1126 3335 pag.
1145 3270 1210 3322 1776
1223 3285 1279 3336 seq.
1296 3269 1338 3320 ed.

799 3341 926 3394 Dindorl.
969 3341 1035 3392 Inde
1059 3337 1180 3404 κομῆται
1206 3345 1340 3390 vocantur

799 3414 899 3462 Persae
911 3426 932 3460 s.
948 3413 1042 3472 criniti,
1056 3415 1087 3460 ut
1101 3410 1147 3474 qui
1163 3409 1340 3459 barbarorum

800 3496 874 3531 more
890 3481 979 3531 crines
1003 3478 1080 3529 alant
1103 3479 1267 3543 barbamque
1291 3477 1340 3527 ba-

799 3553 881 3602 beant
909 3548 1057 3614 prolixam,
1087 3547 1179 3615 quales
1206 3547 1340 3612 hodieque

800 3623 958 3684 comparent
975 3619 1002 3667 in
1017 3618 1196 3669 monumentis
1209 3619 1341 3681 Persepo-

800 3689 904 3740 litanis.
940 3689 1053 3738 Praeter
1072 3689 1194 3739 Brisson.
1217 3688 1259 3736 De
1282 3701 1338 3750 reg.

799 3761 875 3810 Pers.
888 3758 1001 3822 princip.
1011 3759 1048 3821 ll,
1061 3755 1107 3807 101
1119 3757 1282 3819 Wesseling.
1296 3771 1342 3804 ox-

800 3831 869 3880 citat
898 3827 991 3877 eadem
1021 3831 1177 3890 tangentem
1208 3825 1338 3877 Boolrart.

800 3897 953 3950 Hierozoio.
968 3897 990 3948 1.
1006 3894 1053 3945 lib.
1067 3896 1124 3957 111,
1143 3897 1168 3948 9.
1187 3911 1213 3959 p.
1227 3893 1287 3944 8¹6.
1306 3919 1341 3928 -

800 3959 940 4030 Διδύμοις
960 3965 1039 4030 plane
1055 3965 1125 4014 idem
1142 3970 1225 4028 atque
1243 3952 1278 4010 ἒν
1290 3963 1341 4011 Δι-

801 4030 918 4100 δύμοις,
931 4039 962 4084 ut
975 4051 1035 4084 mox
1048 4035 1105 4098 ipse
1120 4035 1219 4083 Noster
1230 4022 1295 4094 λ’ρδν
1309 4023 1342 4078 δὲ

801 4099 832 4155 ιδ
853 4095 884 4153 ἒν
899 4095 1044 4167 Διδύμοις.
1076 4104 1138 4155 Vid.
1162 4107 1231 4153 nott.
1254 4099 1289 4150 sd
1306 4103 1341 4161 V,

801 4175 835 4227 59
852 4177 882 4224 et
900 4175 933 4224 δε
948 4174 1008 4234 ipso
1028 4172 1127 4237 templo
1143 4171 1276 4237 Apollinis
1294 4170 1343 4218 Ili-

801 4244 910 4310 dymaei
923 4243 980 4295 vid.
998 4247 1066 4292 nott.
1081 4242 1116 4292 ad
1129 4243 1153 4303 Ι,
1165 4241 1207 4291 46.

835 4303 1038 4376 κατελάμβανε]
1053 4313 1071 4366 i.
1087 4329 1110 4362 e.
1123 4311 1182 4360 Ιακι
1194 4311 1270 4375 r'pr'tur
1279 4307 1342 4357 loeo

802 4383 911 4433 Milesiis
920 4382 1073 4432 acciderunt.
1097 4382 1138 4430 De
1150 4380 1201 4430 boc
1211 4377 1292 4428 verbo
1303 4376 1340 4427 ci.
