3010 4966
227 383 267 445 86
657 374 928 440 HERODOTI

181 561 388 632 53τοσαόταί
399 562 462 627 είσι
477 557 514 626 ἐκ
527 559 688 640 Σαρδίων
702 557 734 634 ἐς
747 555 863 622 Σοῦσα
877 548 1104 640 ἀναβαίνοντι.
1142 557 1186 622 Ei
1200 551 1236 621 dl
1250 547 1363 641 ὀρθῶς

132 678 135 686 ’
228 669 426 757 μεμέτρηται
445 656 555 749 iidie
575 655 595 748 ἡ
609 667 765 749 βασιληίη
780 675 865 729 τοῖσι
879 655 1130 746 παρασάγγῃσι,
1153 657 1208 726 καί
1222 652 1239 723 ὁ
1254 684 1361 741 παρα-

226 770 351 857 σόγγης
373 766 513 836 δύναται
538 763 714 854 τριήκοντα
735 762 872 848 στάδια,
901 759 1011 846 ὥσπερ
1037 751 1133 842 οὗτός
1160 788 1198 849 γε
1222 760 1363 831 δύναται

227 878 348 956 ταῦτα,
369 873 406 940 iu
426 874 585 958 Σαρδίων
603 866 721 938 στόδιοί
741 871 809 937 ἐστι
831 869 864 946 ἐς
886 863 925 934 τὰ
947 863 1103 954 βασιλήια
1122 863 1161 934 τὰ
1181 866 1362 955 Μεμνόνια

228 975 411 1065 καλεόμενα
432 972 632 1042 πεντακόσια
652 974 707 1042 καί
727 977 890 1060 τρισχίλια
910 971 965 1039 καὶ
978 967 1097 1060 μόρια,
1119 973 1362 1060 παρασαγγέων

227 1173 451 1228 Heeren.1deen.
467 1175 495 1237 Ι,
514 1173 540 1228 3.
554 1189 617 1239 pag.
633 1173 699 1236 402,
720 1171 768 1223 nd·
819 1186 907 1221 κοντα
926 1162 1037 1237 στάδια]
1064 1172 1166 1234 Αίῑὶιείλ
1183 1175 1238 1224 inte
1257 1173 1362 1225 eodieie

227 1247 281 1298 huo
293 1261 360 1298 eone
375 1243 481 1296 definiri
490 1249 623 1309 nequent,
640 1245 668 1294 in
677 1258 769 1293 nume·
819 1240 940 1292 Palatini
957 1240 1101 1305 librarius,
1124 1241 1157 1294 de
1179 1259 1231 1309 quo
1249 1244 1304 1293 vid.
1326 1244 1362 1294 od

227 1319 265 1368 ris
286 1315 400 1380 singulis
420 1313 608 1379 computandis
627 1329 689 1362 uum
710 1313 768 1377 ipre
819 1311 1361 1364 ouleem(iornmentetfflerodott.Creu-

227 1385 384 1437 Herodotue
400 1383 483 1433 iuerit
501 1385 608 1446 lapsus,
631 1397 666 1432 uu
686 1381 769 1446 (quod

228 1455 352 1520 equidem
369 1452 472 1517 malim)
486 1452 658 1502 librariorum
673 1453 768 1516 eulpae

226 1526 278 1575 hoo
292 1523 464 1574 tribuendum
475 1523 520 1571 rit.
545 1523 624 1585 Quod
634 1537 698 1573 vero
708 1523 768 1572 lruio

228 1593 348 1644 delectui
363 1593 403 1641 ite
424 1592 545 1642 succurri
559 1607 639 1656 posue
657 1597 767 1657 putent,

228 1669 269 1721 ut,
281 1659 330 1712 ubi
338 1659 495 1712 Herodotus
505 1663 657 1712 mensiones
670 1663 698 1711 in
708 1661 768 1712 Μα-

227 1732 361 1783 tienorum
372 1736 444 1780 torre
457 1731 569 1794 indicet,
584 1731 713 1782 nonnullo
723 1748 767 1783 ex-

228 1799 328 1853 oidirse
342 1815 494 1864 sumamus,
516 1801 628 1853 uictore
644 1802 768 1867 supplen-

228 1872 277 1922 du:
297 1864 484 1933 σταθμοίείσι
494 1864 617 1928 τέσσερες
630 1867 677 1920 καλ
692 1863 768 1934 τριή-

228 1955 333 2002 κοντα,
361 1932 539 2004 παρασάγγαι
565 1934 596 1990 δὲ
623 1933 693 1990 ἕπτὰ
719 1935 768 1990 καί

228 2003 382 2073 τριήκοντα
392 2003 438 2058 καί
449 1999 558 2072 ἕκατόν,
570 2016 600 2060 ut
610 2011 669 2061 scil.
681 2011 768 2060 stuth-

227 2095 331 2130 morum
357 2083 384 2129 et
404 2095 619 2144 porneuugurum
641 2095 767 2132 numerus

227 2149 387 2200 rotundetur
406 2149 486 2215 (quoe
505 2150 558 2199 fuit
573 2151 614 2198 De
632 2148 658 2198 ln
674 2151 767 2212 Berre,

227 2217 300 2269 Galli
314 2219 397 2280 dooti,
414 2220 442 2268 iu
456 2219 716 2282 Acod.d.1nsoript.
733 2221 766 2270 Τ.

226 2288 304 2338 VIII.
317 2303 378 2353 pag.
390 2287 441 2338 343
454 2303 528 2352 seqq.
545 2289 692 2348 sententio,
708 2304 767 2352 pro·

226 2357 292 2407 butu
305 2355 352 2407 illa
364 2356 468 2421 quidem
482 2363 509 2406 et
518 2357 653 2408 Bredovio
664 2372 725 2421 pag.
736 2359 767 2407 14

226 2431 254 2476 et
267 2428 398 2492 Kieperto
414 2443 440 2490 μ.
458 2427 506 2478 136
519 2427 605 2492 oeq.):
625 2427 694 2477 entis
706 2441 767 2489 pro-

225 2496 315 2548 babile
326 2495 353 2546 id
364 2495 470 2562 quidem
481 2495 588 2547 videtur
601 2495 767 2560 multumque
787 2507 790 2513 '

226 2571 299 2617 uerte
319 2566 523 2630 praeterendum
544 2567 593 2622 iio,
619 2581 689 2630 quoe
706 2579 765 2628 pro-

225 2639 374 2700 posuerunt
384 2634 473 2685 Ukert
486 2636 529 2683 in:
540 2634 653 2700 Allgem.
667 2635 766 2697 Geogr.

195 2757 199 2768 ,
225 2703 395 2766 Euhemerid.
419 2703 479 2752 Vol.
496 2703 568 2753 XLI.
590 2721 616 2768 p.
636 2703 684 2755 132
711 2703 767 2764 (eui

226 2787 367 2821 erroneum
401 2771 587 2834 praebuerunt
620 2773 766 2836 Forbiger:

225 2839 334 2890 Hnndb.
355 2839 381 2888 d.
396 2838 446 2888 ult.
462 2839 559 2904 Geogr.
574 2842 596 2890 1.
611 2857 672 2904 pag.
689 2843 720 2891 81
740 2845 767 2892 et

224 2908 368 2958 Dunolrerr
387 2907 486 2959 Gesoh.
500 2909 525 2960 d.
542 2909 589 2961 ult.
601 2911 673 2962 Welt
686 2911 722 2962 Il.
742 2927 767 2975 p.

226 2975 288 3040 651)
306 2981 334 3026 et
347 2977 388 3026 vir
403 2977 499 3027 doetus
512 2979 552 3028 in:
574 2978 686 3044 Allgem.
699 2980 766 3031 Hol-

225 3045 303 3098 liseh.
324 3047 441 3100 Literet.
462 3048 531 3098 Zeit.
551 3047 625 3099 1810.
646 3065 685 3099 nr.
709 3051 765 3100 127.

225 3131 250 3178 p.
264 3115 330 3176 405;
348 3131 398 3167 neo
414 3117 522 3169 obstare
537 3125 678 3183 putamur,
694 3121 766 3186 quod

223 3184 376 3236 Luroherus
388 3187 529 3246 observet,
549 3189 599 3240 huc
609 3191 715 3239 ratione
724 3187 766 3240 ul-

224 3263 267 3303 tra
287 3256 394 3306 modurn
417 3259 568 3322 promoveri
586 3257 766 3328 Mu'tieuorum

222 3323 303 3386 fines,
317 3341 376 3375 oum
391 3341 424 3376 ox
431 3327 563 3378 Herodoti
575 3335 648 3380 certe
660 3335 766 3380 senten·

150 3449 151 3454 ¹
223 3393 263 3442 tiu
272 3393 450 3446 Matienorum
461 3397 527 3448 finer
537 3399 643 3464 longino
654 3401 766 3451 extendi

223 3462 342 3513 debeont
360 3467 500 3531 ipsumque
518 3468 673 3532 Assyrium,
695 3485 765 3532 queo

222 3533 332 3597 proprie
344 3533 452 3598 dieitur,
462 3544 621 3604 partemque
632 3539 700 3590 odeo
709 3541 765 3590 Me·

223 3601 284 3654 diue
298 3605 399 3656 veteris
411 3606 634 3670 complectuntur.
647 3613 677 3660 ut
691 3614 763 3661 reete

222 3679 384 3723 monuerunt
399 3676 515 3726 Eredov.
534 3677 552 3729 1.
571 3677 588 3727 l.
604 3683 631 3728 et
642 3681 762 3744 Kiepert.

222 3740 240 3790 l.
255 3740 273 3792 l.
290 3757 351 3808 pag.
372 3744 419 3794 138
432 3761 505 3812 τερ..
522 3749 567 3812 qui
581 3748 614 3799 de
628 3747 671 3798 hio
684 3765 762 3800 anou-

221 3815 281 3860 rate
292 3811 458 3877 disquisivit.
484 3817 560 3878 Quae
570 3833 630 3867 eum
645 3820 684 3868 ile
698 3819 762 3881 sint,

220 3879 346 3931 lnouunm
365 3882 451 3945 ipsum
475 3886 503 3934 in
522 3887 655 3938 Herodoti
671 3889 762 3939 verbis

220 3949 340 4002 indicere
362 3953 519 4014 maluimus,
542 3971 623 4020 quum
647 3958 763 4008 laeuone

220 4020 408 4086 supplemento
441 4024 469 4074 in
505 4029 609 4076 textum
640 4029 761 4093 recipere

220 4093 344 4154 quamvis
360 4107 376 4141 ε
393 4094 534 4151 scriptorio
553 4111 647 4160 seusu,
667 4104 698 4148 ut
712 4115 760 4164 pu-

219 4163 323 4220 temur,
340 4161 413 4212 houd
427 4163 532 4224 alieno,
547 4166 594 4216 ned
606 4165 682 4220 libris
696 4170 761 4220 ueri·

217 4229 273 4291 ptis
286 4229 494 4298 haudquaquam
507 4235 631 4299 probate.

410 4351 476 4402 Cer.
494 4355 569 4407 LIII.

251 4425 299 4481 καί
318 4423 332 4481 δ
349 4432 531 4506 παρασάγγης
545 4433 665 4494 δύναται
679 4435 758 4508 τριή·

820 1383 875 1432 ueri
886 1398 911 1446 p.
923 1380 982 1432 434.
1010 1382 1051 1431 Ad
1066 1382 1152 1446 ipsam
1167 1399 1223 1433 rem
1237 1383 1311 1437 oonf.
1322 1384 1361 1446 11,

820 1451 900 1502 δότε.
922 1451 987 1516 ibiq.
1007 1455 1077 1502 nott.
1102 1456 1129 1502 et
1146 1452 1206 1502 edd.
1225 1454 1360 1507 llunuort.

819 1521 837 1574 l.
850 1520 869 1571 l.
883 1521 906 1575 l.
924 1536 987 1586 pag.
1001 1520 1061 1573 209.

851 1585 887 1640 τὰ
900 1583 1052 1654 Μεμνόνια
1064 1584 1230 1657 καλεόμενα]
1245 1584 1361 1657 Μεμνό-

818 1675 867 1711 νια
889 1679 903 1712 e
924 1661 1084 1713 Florentino
1107 1679 1141 1713 uo
1168 1661 1273 1713 duobus
1297 1663 1361 1714 aliie

818 1731 881 1782 dedi
893 1730 984 1793 libris,
1002 1731 1126 1797 idemque
1139 1733 1219 1782 etiem
1234 1732 1287 1783 ieci
1297 1734 1359 1796 Vll,

821 1802 960 1864 τοισιν,
979 1802 1025 1864 54,
1047 1803 1094 1852 ubi
1110 1803 1284 1853 Florentium
1302 1803 1362 1852 Με-

818 1861 962 1934 μνόνειον,
973 1865 1213 1936 ο1ἰίΜεμνόνιον,
1226 1889 1296 1936 quoe
1308 1874 1361 1923 lor-

819 1958 862 1991 ruu
879 1941 973 2004 utique
988 1941 1130 1992 Herodoto
1148 1943 1259 2007 proprio
1273 1944 1361 1994 luisse

818 2011 940 2069 videtum
955 2012 1010 2064 vid.
1022 2013 1137 2063 Bredov.
1148 2029 1173 2077 p.
1190 2012 1236 2063 180
1246 2017 1273 2062 et
1284 2014 1360 2063 σοιτί.

818 2081 1198 2146 Lobeelr.adPhryniob.pug.
1208 2082 1267 2134 367.
1283 2085 1362 2134 Wes-

819 2149 947 2208 oelingius
974 2151 1096 2202 exhibuit
1121 2143 1300 2210 Μεμνόιεια,
1330 2157 1362 2203 ut

818 2221 891 2284 apud
900 2219 1025 2269 Strobou.
1035 2223 1091 2272 XV.
1100 2221 1246 2288 pug.'l·28u
1257 2223 1322 2274 1058
1330 2223 1361 2274 C.

820 2288 878 2353 (ubi
897 2280 913 2353 ἡ
935 2279 961 2336 δ’
983 2282 1136 2352 ἀκρόπολις
1155 2283 1279 2340 ἐκαλεῖτο
1300 2293 1362 2342 Με-

818 2353 964 2421 μνόνειον)
980 2359 1091 2412 Diodor.
1106 2362 1160 2412 Sie.
1172 2361 1215 2424 ll,
1228 2363 1270 2411 ⁸22.
1289 2363 1361 2412 Peu-

819 2443 877 2477 σαο.
887 2427 1017 2489 IV‚31‚5.
1030 2429 1134 2481 Aeliuu.
1143 2433 1177 2483 N.
1187 2431 1218 2480 Α.
1228 2432 1260 2492 V,
1272 2433 1283 2482 1
1295 2432 1361 2498 (quo

818 2496 877 2546 loeo
890 2498 1040 2546 Memnonio
1059 2503 1133 2551 coesi
1148 2501 1266 2552 eederet
1284 2493 1313 2558 ἔς
1325 2498 1361 2552 td

819 2562 932 2624 Σοῦσα,
959 2559 994 2614 tol
1015 2555 1088 2617 οότοτ
1107 2564 1273 2628 Μεμνόνεια
1290 2572 1361 2622 olla-

818 2638 875 2683 tum
888 2633 998 2696 dieitur)
1012 2641 1040 2686 et
1052 2639 1129 2698 XIII,
1142 2639 1174 2689 18
1187 2634 1232 2704 (τὰ
1243 2635 1362 2706 Μεμνό-

819 2718 881 2752 νεια
895 2700 1012 2766 Σοῦσα),
1026 2707 1072 2757 ubi
1087 2709 1161 2758 conl.
1174 2711 1291 2774 loeobs„
1312 2713 1360 2775 qui

818 2773 941 2837 reposuit
958 2770 1110 2836 Μεμνόνια
1139 2794 1187 2842 pro
1211 2779 1283 2844 vulg.
1300 2781 1361 2830 Με-

819 2834 942 2906 μνόνια.
975 2845 1052 2896 Haeo
1073 2847 1155 2910 igitur
1176 2845 1307 2914 βασιλήια
1325 2845 1360 2901 τὰ

818 2907 984 2976 Μεμνόνεια
999 2915 1034 2964 ud
1053 2915 1122 2966 Susa
1134 2919 1272 2982 pertinent
1290 2922 1362 2972 eius·

819 2999 870 3048 que
889 2997 977 3034 urcem
998 3001 1054 3034 une
1076 3002 1136 3036 eum
1157 2987 1260 3051 palatio
1282 2993 1360 3054 regio

818 3052 954 3115 iudicant,
968 3069 1020 3117 quo
1034 3056 1126 3106 eodem
1139 3059 1219 3106 etium
1233 3063 1362 3121 spectent

817 3122 898 3173 Plinii
918 3124 1001 3174 verbo
1014 3125 1086 3175 Hiot.
1103 3127 1166 3177 Nat.
1182 3127 1235 3189 VI,
1251 3130 1285 3178 27
1302 3128 1360 3194 (31)

818 3191 920 3255 §.1332
945 3221 997 3255 ,‚—
1011 3195 1142 3256 Susiane,
1166 3197 1193 3246 iu
1212 3213 1265 3262 quo
1280 3205 1362 3251 vetuo

817 3262 892 3325 regia
909 3265 1052 3313 Persarum
1072 3265 1142 3315 Susa
1166 3281 1183 3316 α
1200 3267 1287 3318 Dario
1303 3269 1362 3334 Hy-

817 3331 919 3396 staspis
939 3331 992 3381 lilio
1014 3333 1166 3394 eondIt.u“;
1195 3337 1251 3387 vid.
1275 3353 1361 3400 supra

817 3405 886 3450 nott.
902 3403 937 3452 ud
950 3403 1008 3464 111,
1023 3404 1056 3455 68
1073 3410 1099 3454 et
1111 3405 1168 3468 ΙΙΙ,
1182 3407 1225 3456 70.
1250 3407 1292 3457 Ex
1307 3409 1362 3460 hae

816 3471 945 3522 Surorum
960 3487 1022 3524 aree
1042 3489 1065 3522 s.
1085 3475 1148 3526 sede
1169 3477 1259 3540 regio,
1281 3482 1361 3532 ouius

816 3543 933 3607 vestigio
952 3545 1087 3594 contiueri
1111 3561 1193 3609 supra
1216 3547 1269 3595 ium
1289 3549 1362 3599 dixi·

816 3626 874 3660 mus
899 3627 929 3661 eo
954 3613 1072 3676 tumulo,
1098 3616 1142 3664 oui
1167 3631 1238 3666 nuno
1260 3634 1361 3670 nomen

814 3680 884 3730 liolu
897 3681 997 3732 iSlucelr
1011 3682 1041 3739 (i.
1053 3699 1075 3733 e.
1091 3701 1144 3734 στω
1153 3685 1295 3750 Surorum,
1307 3691 1361 3740 ini-

815 3751 882 3802 tium
896 3752 1025 3816 cupiebat
1037 3754 1083 3802 vio
1096 3757 1186 3819 regie,
1209 3755 1244 3805 ed
1256 3757 1361 3812 Sardoo

813 3835 899 3882 usque
910 3822 972 3871 inde
984 3838 1000 3872 ο
1012 3823 1089 3874 Surio
1103 3823 1200 3886 ducto,
1216 3829 1248 3875 ut
1257 3829 1361 3880 Noster

813 3889 931 3940 affirmet
944 3908 1004 3955 cop.
1019 3893 1052 3941 52
1067 3893 1112 3946 fin.
1128 3899 1155 3943 et
1167 3911 1228 3960 cup.
1240 3896 1289 3946 54:
1308 3896 1360 3950 καὶ

812 3951 848 4022 δὴ
869 3955 937 4022 λέγω
957 3957 1090 4019 σταδίους
1110 3955 1184 4013 ε1ναι
1204 3961 1271 4021 τούς
1285 3963 1359 4018 ποίν-

811 4043 861 4084 τας
880 4022 938 4078 ἀπὸ
959 4023 1107 4096 θαλάσσης
1125 4031 1175 4098 τῆς
1189 4025 1360 4104 Ἑλληνικῆς

813 4097 843 4163 (i.
857 4116 880 4150 e.
896 4099 1064 4162 aSerdibuu)
1079 4099 1178 4166 μέχρι
1191 4098 1356 4172 Σούσων,

811 4165 915 4217 τοῦτο
939 4165 1000 4233 γὰρ
1028 4167 1241 4234 Μεμνόνιον
1264 4165 1357 4227 ἄστυ

810 4235 989 4298 καλέεται,
1014 4235 1218 4302 τεσσεράκοντα
1240 4241 1289 4293 καλ
1312 4261 1357 4296 τε-

809 4305 1209 4374 τρακισχιλίονςκαίμυρίους.
1227 4313 1307 4366 Unde
1318 4318 1357 4367 ei-

809 4375 862 4426 mul
875 4379 1046 4440 cognoscitur
1060 4397 1166 4432 nummu
1178 4383 1272 4433 Nostri
1284 4401 1356 4438 oure

808 4446 835 4495 iu
854 4446 914 4511 ipse
932 4449 978 4500 viu
994 4449 1106 4516 eiusque
1126 4453 1261 4505 mensuris
1277 4455 1354 4508 iudi-
