3062 4986
1270 339 1331 403 503

518 339 789 404 POLYMNIA.
814 343 883 404 VII.
908 353 951 407 35.
974 351 1017 408 36.

129 549 134 560 ·
198 513 352 606 τριήρεας
372 517 556 597 συνθέντες
576 509 642 585 ὑπὸ
662 516 724 603 μὲν
742 512 804 605 τὴν
828 513 911 604 πρὸς
931 521 992 586 τοῦ
1011 511 1176 600 Εὐξείνου
1195 514 1330 586 Πόντου

199 619 358 709 ἑξήκοντά
378 647 413 688 τε
436 620 491 688 καὶ
507 627 714 709 τριηκοσίας,
734 615 801 688 ὑπὸ
824 619 862 688 δὲ
879 617 940 708 τὴν
962 622 1078 709 ἑτέρην
1097 628 1328 709 τεσσερεσκαί-

185 728 282 792 *dexo
296 725 351 792 καὶ
367 730 573 812 τριηκοσίας,
594 727 654 792 τοῦ
669 722 731 812 μὲν
744 721 878 792 Πόντον
893 725 1105 826 ἐπικαρσίας,
1129 727 1190 824 τοῦ
1205 724 1242 792 δὲ
1258 720 1328 792 ‘El-

198 923 310 973 structis
324 903 438 974 clariore
447 924 475 973 in
486 923 546 974 luce
559 923 740 974 collocaretur
791 920 887 972 ciliora
899 921 1011 974 reddas:
1029 913 1085 973 dud
1101 918 1153 988 μὲν
1166 915 1219 988 τήν
1232 913 1329 988 (γέφυ-

197 999 326 1057 reateque
338 993 550 1058 intelligeretur,
569 1007 657 1058 neque
670 993 741 1042 iniu-

197 1064 238 1112 ria
258 1063 333 1112 lieret
351 1063 479 1128 scriptori
498 1077 515 1113 a
536 1061 673 1113 nonnullis
695 1061 739 1111 vel

198 1147 286 1182 rerum
301 1131 440 1182 navalium
454 1132 583 1182 inscitiae
595 1130 640 1183 rel
654 1130 738 1196 negli-

196 1203 307 1266 gentiae
316 1207 462 1253 accusato:
474 1217 490 1252 a
500 1217 554 1266 quo
563 1207 678 1266 utroque
689 1202 740 1252 cri-

198 1273 270 1321 mine
290 1270 365 1321 illum
384 1271 463 1337 longe
484 1272 581 1322 abesse
600 1269 737 1322 existimo.

197 1342 287 1406 Atque
302 1339 370 1390 haec
388 1345 418 1391 ut
431 1340 528 1392 melina
542 1355 738 1405 cognosceren-

198 1417 256 1472 tur,
278 1409 371 1460 addidi
391 1413 496 1476 etipse
515 1410 651 1472 tabularu,
676 1425 739 1459 oon-

196 1481 342 1530 iorrnetam
355 1479 430 1532 illam
439 1479 549 1545 quidem
560 1479 594 1529 ad
604 1478 738 1530 Herodoti

195 1550 280 1600 verba
301 1554 375 1599 reete
392 1554 521 1614 percepta
541 1565 627 1614 eaque
646 1565 739 1614 presse

197 1623 365 1684 sequentem.

222 1680 469 1751 Πεντηκοντίρους
480 1683 526 1734 καί
535 1677 665 1751 τριήρεας
676 1699 740 1735 συν-

197 1751 297 1814 θέντες
310 1771 335 1808 κ.
351 1770 376 1808 τ.
391 1755 427 1820 1.]
447 1756 548 1807 Sensus
565 1755 620 1806 loci
634 1757 679 1807 vix
693 1756 740 1806 ob-

98 1818 109 1836 '
196 1827 365 1887 scurrus;duo
376 1827 446 1876 enim
455 1825 501 1876 hle
510 1826 667 1877 indicantur
676 1841 739 1891 pon-

197 1901 253 1960 tes,
277 1911 390 1962 quorum
413 1896 505 1956 alteri,
528 1897 573 1961 qui
591 1897 672 1946 Ponto
687 1895 740 1944 Eu-

195 1968 259 2016 xiuo
282 1965 337 2028 (uel
350 1963 509 2029 Propontidi)
526 1965 656 2016 obversus
670 1971 738 2026 erat,

116 2031 119 2039 “
197 2034 738 2099 CCCLXuavesaubatratae;alter·i,qui

198 2105 325 2170 Aequorea
338 2120 407 2154 mure
426 2104 583 2169 spectabat,
607 2104 738 2155 cccxw

198 2188 292 2236 naves,
302 2179 333 2224 ut
341 2173 410 2252 heure
420 2174 490 2222 vidit
501 2173 660 2253 lleaaeling.
680 2173 738 2256 lta:

198 2243 310 2376 utel
327 2235 478 2376 allilia
492 2243 737 2377 11211111

198 2397 307 2446 φυραν,
332 2381 366 2431 ad
380 2397 467 2437 ‚voces
480 2326 621 2446 dequovru'
638 2394 667 2430 τε
689 2375 736 2430 καὶ

197 2449 361 2514 τριηκοσίας
385 2449 425 2515 (in
447 2452 543 2517 quibus
563 2450 688 2502 voculam
708 2463 737 2499 τε

197 2521 292 2572 abesse
306 2521 409 2570 mavult
421 2517 559 2572 Osann‘iu
574 2521 734 2571 Commeutt.

197 2592 335 2642 seminarii
346 2589 500 2656 philologio.
509 2590 693 2642 Giessena.11.
710 2607 735 2654 p.

199 2662 248 2724 12,
263 2662 361 2726 quippe
383 2662 497 2726 quaein
517 2659 669 2710 huiusmodi
688 2675 737 2710 nu·

197 2732 278 2780 meris
299 2729 495 2794 coniungendis
518 2731 582 2794 poni
601 2730 672 2780 haud
691 2744 736 2778 so·

197 2799 266 2862 leat,
280 2800 328 2849 ubi
342 2799 495 2864 particulae
505 2792 552 2849 καὶ
566 2797 695 2864 sulliciat)
710 2803 737 2848 et

195 2870 231 2921 ad
247 2864 493 2932 τεσσερεσκαίδεκα
510 2863 558 2916 καί
571 2867 736 2933 τριηκοσίας

176 2935 737 3062 -1111111111131ῗέ319111ἶέἷῖ

197 3077 291 3138 detur,
311 3077 339 3124 in
356 3082 472 3139 utroque
487 3079 571 3140 ponte
592 3081 738 3141 pentecon-

196 3149 270 3196 toroa
291 3148 416 3194 navaret
431 3145 554 3196 triremes
568 3159 658 3196 secum
673 3161 736 3195 eou-

196 3215 304 3265 iunetas
315 3213 411 3275 luisse,
425 3228 523 3278 neque,
534 3219 565 3262 ut
575 3216 652 3279 ponit
662 3216 735 3264 Kran

195 3283 213 3334 l.
227 3283 244 3333 l.
261 3283 353 3348 pag.8
369 3297 442 3346 aeq,
460 3282 575 3332 alterum
592 3288 698 3348 pontem
721 3299 736 3332 e

196 3353 261 3404 solia
274 3353 491 3418 peuteeoutoris,
511 3351 624 3403 alterum
643 3351 736 3402 esolis

195 3423 350 3474 triremibus
361 3421 532 3473 constitisser
553 3422 625 3486 quod
636 3426 667 3471 ut
681 3427 736 3471 sta·

196 3498 321 3556 tuamne,
340 3491 473 3546 Herodoti
491 3491 574 3542 verba
589 3489 662 3541 haud
677 3506 737 3556 per-

197 3565 318 3620 mittunt,
332 3577 401 3628 quae
412 3561 436 3610 si
445 3564 573 3612 accurate
582 3575 736 3627 aequamur,

196 3633 326 3752 {tritu
331 3635 540 3750 tlssl‘ttlel
543 3633 738 3752 11111ῑὲ11

197 3770 297 3821 hibitus
308 3775 335 3819 et
345 3771 507 3821 coniunctas
518 3785 579 3820 ease
593 3770 737 3821 dicendum

197 3841 258 3893 erit.
284 3841 321 3890 Et
333 3839 387 3890 vid.
397 3855 467 3904 quae
478 3840 601 3891 Dietach.
612 3839 630 3890 l.
642 3839 661 3892 l.
672 3855 736 3905 pag.

196 3907 248 3960 308
259 3913 332 3958 recte
347 3909 380 3959 de
395 3909 438 3960 his
452 3909 565 3961 monuit.
600 3901 737 3971 rendered

196 3970 336 4036 Εὐξείνου
347 3972 455 4027 πόντον
465 3977 553 4028 valete
568 3977 673 4030 Pontum
683 3981 736 4030 Eu·

195 4048 280 4096 miuron
293 4061 381 4098 uersus
397 4061 419 4098 a.
432 4048 468 4099 od
481 4049 584 4098 Pontum
600 4057 737 4111 spectans:

196 4131 248 4181 quo
258 4115 350 4166 eodem
361 4116 440 4166 modo
449 4111 520 4180 πρὸς
531 4117 568 4180 11,
578 4115 622 4168 99.
632 4119 681 4182 IV,
691 4117 733 4182 37,

196 4185 241 4235 ubi
253 4183 328 4236 coni.
340 4189 411 4236 nott.

229 4251 282 4302 sod
297 4247 348 4318 μὲν
363 4245 478 4304 Πόντου
491 4244 671 4316 ἐπικαρσίας,
683 4252 735 4304 τοῦ

788 991 855 1111 ραν)
870 984 942 1055 πρὸς
957 990 1008 1042 τοῦ
1024 987 1138 1043 Πόντου
1158 988 1327 1059 (φέρουσαν)

804 1059 954 1120 πικαρσίας
979 1057 1040 1128 (τὰς
1064 1057 1128 1120 νίας
1153 1058 1328 1127 συνθέντες),

788 1121 846 1180 ὑπὸ
867 1124 899 1180 δὲ
918 1126 971 1194 τὴν
992 1123 1089 1197 ἕτὲρην
1106 1125 1256 1198 (γέφυραν)
1274 1126 1327 1196 τὴν

788 1192 861 1261 πρὸς
879 1197 932 1250 τοῦ
949 1192 1157 1265 Ἑλλησπόντου
1175 1194 1246 1251 κατὰ
1257 1195 1328 1266 ῥόον

787 1263 836 1326 τὰς
846 1263 912 1327 νέας
922 1265 1083 1336 συνθέντες,
1097 1272 1144 1323 ubi
1155 1272 1327 1338 potissimum

788 1340 943 1460 quaeritur,
957 1355 1011 1404 quo
1026 1356 1109 1392 sensu
1120 1343 1219 1393 Noster
1232 1357 1326 1392 vocem

804 1406 956 1472 τικαρσίας
982 1412 1135 1476 acceperit,
1162 1411 1240 1462 cuiue
1267 1410 1327 1461 loeo

788 1481 904 1530 Taetaes
922 1479 1197 1545 adLycophr.1432.
1217 1497 1243 1545 p.
1260 1480 1327 1532 1036

787 1547 878 1600 Muell.
894 1548 1017 1599 exhibuit
1030 1547 1158 1615 πλαγίας.
1188 1550 1326 1600 Transver-

787 1635 832 1670 saa
856 1633 940 1668 naves
965 1619 1082 1685 indeque
1106 1620 1189 1672 etiam
1216 1634 1327 1670 nurnero

788 1686 878 1754 plures
892 1689 992 1754 prioris
1003 1691 1095 1754 pontis
1109 1688 1242 1740 intellexit
1251 1689 1328 1738 Wes-

789 1757 900 1822 seling.,
917 1758 1076 1823 posterioria
1090 1759 1180 1825 pontia
1193 1774 1278 1809 naves
1289 1757 1327 1808 di-

788 1831 877 1877 rectae
896 1827 1055 1890 (secuudum
1076 1827 1199 1893 fluvium)
1220 1834 1248 1878 et
1265 1843 1327 1892 pro-

787 1899 1043 1962 ptereapauciores.
1065 1897 1132 1948 Cum
1141 1913 1206 1950 vero
1217 1899 1326 1948 navium

787 1972 942 2016 tranareree
952 1966 1243 2017 collocatarnmminor
1254 1973 1327 2018 certe

788 2051 914 2086 numerus
929 2050 989 2086 esee
1006 2036 1105 2087 debeat
1124 2051 1203 2102 quarn
1223 2051 1326 2098 aarum,

787 2120 857 2170 qnae
867 2105 985 2156 secundo
994 2107 1077 2156 fluvio
1088 2111 1179 2156 rectae
1190 2110 1268 2156 eruut
1280 2121 1326 2170 po-

787 2169 879 2234 sitae,
892 2173 1005 2226 Reuuel.
1028 2191 1089 2240 pag.
1103 2174 1155 2225 430
1172 2189 1245 2240 seqq.
1263 2172 1325 2224 coll.

787 2243 1290 2308 Krueio(UeberHerodot’aAuamess.
1299 2241 1325 2291 d.
1339 2279 1347 2288 .

786 2314 865 2365 Pout.
884 2330 910 2378 p.
925 2312 959 2364 89
973 2312 1043 2380 seq.)
1059 2329 1090 2364 eo
1103 2313 1169 2374 abit,
1185 2317 1216 2364 ut
1227 2311 1326 2377 priorie

787 2383 878 2448 pontia
892 2397 976 2433 navae
990 2398 1006 2432 a
1021 2387 1096 2432 recta
1109 2383 1195 2445 linea,
1211 2397 1265 2447 qua
1279 2398 1326 2446 po-

786 2451 908 2503 aterioris
918 2453 1009 2514 pontia
1024 2467 1107 2503 naves
1120 2453 1227 2516 poeitae
1238 2455 1325 2510 erant,

785 2521 909 2572 nonnihil
923 2522 956 2572 ad
968 2521 1040 2572 latus
1054 2521 1250 2571 declinaverint
1260 2520 1325 2570 obli·

787 2605 838 2657 que
847 2590 1006 2642 collocatae.
1029 2593 1085 2640 Nos
1095 2589 1326 2653 dicimuasollrnrp

787 2679 808 2713 s.
824 2665 849 2711 iu
860 2660 982 2726 schrdper
996 2661 1124 2726 llichlunp.
1163 2662 1261 2724 Itaque
1274 2659 1325 2708 hae

786 2747 853 2781 voce
876 2732 967 2794 pontis
991 2731 1078 2795 ipsius
1099 2729 1214 2780 navibus
1239 2728 1326 2785 iuncti

785 2801 901 2850 directio
915 2800 1054 2850 indicatur
1064 2799 1111 2866 (el.
1121 2801 1202 2850 Kraz.
1215 2797 1224 2847 l
1244 2797 1262 2850 l.
1272 2814 1298 2861 p.
1309 2799 1325 2847 ll

786 2875 814 2922 ct
825 2870 924 2934 (lampa
935 2869 953 2921 l.
964 2868 1006 2934 1.),
1020 2871 1044 2920 ai
1054 2869 1162 2935 quidem
1172 2867 1248 2918 hicce
1257 2883 1325 2932 poue

785 2956 840 2990 uon
859 2941 934 2990 rectt
952 2939 1025 2990 linet
1045 2940 1079 2990 ab
1092 2954 1147 2989 uno
1161 2938 1196 2988 ad
1210 2936 1324 2988 alterum

785 3009 852 3061 litus
867 3011 965 3061 drictne
982 3009 1171 3073 perhibeatur,
1190 3007 1238 3056 sed
1255 3006 1325 3054 dire·

785 3081 876 3130 ctione
885 3079 972 3143 magia
982 3077 1103 3142 obliqua,
1117 3077 1233 3142 indeque
1243 3075 1325 3126 etiarn

785 3149 891 3214 longior
905 3147 1080 3213 pluribusque
1095 3147 1212 3196 navibus
1225 3146 1326 3195 instru-

784 3224 845 3268 ctus
858 3217 913 3268 alio
929 3221 1025 3280 ponte,
1047 3217 1093 3280 qui
1107 3214 1266 3266 rectilineo
1278 3212 1326 3262 du·

785 3293 845 3336 ctua
870 3291 1014 3349 utrumque
1044 3283 1110 3334 litus
1139 3285 1325 3348 coniungeret,

784 3354 959 3421 paucioribus
983 3353 1078 3417 utique
1107 3353 1223 3402 naribus
1254 3356 1325 3401 stru-

785 3429 860 3476 ctus:
892 3422 980 3486 prouti
1003 3421 1130 3472 etabula
1147 3421 1203 3471 aeri
1228 3421 1325 3482 ineisa,

786 3507 866 3560 quarn
879 3493 966 3541 Kruae
988 3489 1103 3553 adiecit,
1126 3492 1227 3556 optima
1245 3489 1327 3540 intel·
1430 3485 1435 3496 ”

786 3563 835 3625 ligi
847 3565 946 3626 potest.
983 3559 1060 3622 Quod
1079 3560 1140 3611 ideo
1153 3562 1253 3611 lactum
1268 3575 1325 3610 cre·

787 3631 916 3692 diderinr,
932 3634 962 3680 ut
975 3630 1051 3695 prior·
1065 3645 1146 3694 pons,
1163 3632 1208 3695 qui
1220 3644 1323 3680 omnem

786 3702 841 3751 viru
859 3701 987 3750 fluctuum
1009 3700 1124 3750 aPcnto
1142 3699 1325 3751 delabentinm

787 3770 921 3822 sustinere
940 3769 1071 3832 debebat,
1099 3785 1131 3820 eo
1147 3768 1243 3819 melius
1259 3768 1326 3817 resi-

787 3845 859 3891 stere
888 3839 1002 3904 indeque
1026 3840 1099 3890 tueri
1127 3837 1325 3903 quodammodo

786 3913 880 3976 posset
889 3909 1003 3960 alterurn
1013 3914 1123 3972 pontem
1133 3907 1247 3958 iuferius
1257 3910 1326 3956 stru·

785 3986 860 4031 ctum
870 3985 898 4030 et
907 3979 982 4029 recti
991 3975 1064 4029 linea
1074 3979 1197 4038 ductum,
1208 3975 1325 4025 navibus

786 4049 901 4116 singulis
914 4048 1011 4113 positia
1024 4042 1095 4098 nurci
1108 4039 1194 4111 ὅόον,
1214 4045 1232 4095 i.
1245 4060 1269 4094 e.
1284 4057 1325 4092 se·

786 4119 902 4172 eundum
916 4119 1024 4168 fluxum.
1056 4117 1146 4182 Atque
1159 4115 1230 4164 hunc
1241 4113 1325 4160 inter-

785 4191 965 4310 pretagonem
978 4185 1130 4238 confirmari
1143 4186 1209 4249 puto
1220 4179 1326 4230 duobus

784 4259 847 4310 aliis
887 4259 954 4310 ostri
967 4255 1049 4318 locis,
1067 4268 1181 4320 qnorum
1197 4251 1224 4300 in
1238 4249 1325 4299 altaro

194 4317 227 4372 dl
238 4316 448 4388 Ἑλλησπόντου
463 4317 535 4372 κατὰ
552 4314 634 4389 δίον]
658 4327 735 4387 Quae
787 4327 826 4392 (I,
847 4327 906 4394 leo)
932 4317 1018 4382 ὁδους
1041 4317 1207 4382 ἐπικαρσίας
1226 4321 1325 4371 Noster

193 4392 277 4444 verba
294 4393 334 4445 sic
346 4393 470 4459 pleniora
487 4392 681 4460 intellectuque
695 4395 735 4446 la·
786 4397 900 4464 opponit
911 4399 974 4454 ταῖς
985 4387 1106 4457 ίθείαις,
1122 4391 1151 4442 in
1163 4389 1250 4442 altero
1264 4389 1324 4458 (lv,
