3054 4972
486 389 851 454 POLYMNIA.v11.
876 397 996 454 61-67.
1250 385 1311 448 553

181 567 375 657 ἐσταλμένοι
390 565 452 656 μὲν
466 563 509 655 δὴ
518 555 604 654 ἦσαν
615 561 702 634 οὕτω
715 561 826 633 Ἰνδοί·
849 561 1109 651 προσετετάχατο
1123 564 1159 634 δὲ
1169 585 1313 648 συστρα-

182 672 358 760 τευόμενοι
372 667 598 759 Φαρναζάθρῃ
618 674 664 761 τῷ
688 665 905 754 Ἀρταβάτεω.
940 665 1049 754 Ἀριοι
1066 669 1103 737 δὲ
1118 667 1238 750 τόξοισι
1253 667 1314 756 μὲν
1321 678 1362 739 66

183 775 422 860 ἐσκευασμένοι
443 764 529 861 ἦσαν
548 777 747 860 Μηδικοῖσι,
769 769 807 838 τά
823 771 858 838 δὲ
874 767 958 839 ἄλλα
973 771 1131 857 κατάπερ
1147 770 1315 858 Βάκτριοι.
1408 849 1411 858 1

180 877 300 967 Ἀρίων
322 878 360 946 δὲ
380 867 460 964 ἦρχε
474 875 647 964 Σισάμνης
669 870 885 960 δ’Τδάρνεος.
925 875 1060 961 Πάρθοι
1083 875 1189 944 δὲκαὶ
1205 873 1314 960 Χορά-

184 1005 289 1070 σμιοι,
313 982 369 1048 καὶ
386 984 517 1065 Σογδοί
534 1006 570 1047 τε
592 980 647 1046 καὶ
668 977 851 1063 Γανδάριοι
873 978 928 1044 καὶ
943 983 1107 1064 Δαδίκαι,
1130 976 1191 1067 τὴν
1211 975 1318 1064 αὐτὴν

184 1083 309 1172 σκευὴν
330 1091 460 1170 ἔχοντες
480 1081 542 1171 τὴν
562 1084 616 1150 καὶ
638 1081 812 1166 Βάκτριοι,
840 1081 1088 1166 ἐστρατεύοντο.
1125 1082 1255 1151 τούτων
1280 1082 1316 1150 dl·

177 1181 286 1277 -ἦρχον
302 1192 390 1256 οἶδε·
421 1185 573 1274 Πάρθων
592 1184 653 1272 μὲν
674 1186 729 1252 καὶ
744 1190 946 1270 Χορασμίων
973 1182 1165 1272 Ἀρτάβαζος
1185 1183 1203 1254 ό
1224 1195 1316 1272 Φαρ-

184 1293 311 1376 νάκεω,
327 1295 472 1377 Σογδτδν
489 1288 526 1357 δέ
538 1282 703 1375 Ἀζάνηςό
721 1284 891 1385 Ἀρταίου,
906 1294 1107 1374 Γανδαρίων
1122 1289 1157 1358 δὲ
1173 1291 1227 1358 καὶ
1244 1301 1316 1358 Δα-

186 1397 309 1463 δικέων
324 1391 501 1480 Ἀρτύφιος
516 1387 533 1461 ὁ
550 1389 767 1478 Ἀρταβάνου.
804 1387 948 1458 Κάσπιοι
965 1391 1000 1459 δέ
1019 1392 1156 1475 σισύρας
1172 1420 1207 1460 τε
1222 1396 1314 1460 ἐνδε-
1325 1399 1365 1458 67

144 1529 148 1536 ·
186 1498 340 1578 δυκύτες,
372 1499 426 1566 καὶ
451 1497 527 1576 τόξα
548 1494 707 1583 ἐπιχώρια
728 1491 892 1579 καλάμινα
913 1501 1042 1580 ἔχοντες
1063 1497 1118 1563 καὶ
1146 1493 1317 1578 άκινάκας,

186 1599 431 1686 ἐστρατεύοντο.
455 1589 546 1667 οὗτοι
561 1599 622 1686 μὶν
633 1594 720 1668 οὕτω
736 1596 958 1682 ἐσκευάδατο,
972 1593 1120 1686 ἡγεμόνα
1134 1598 1318 1685 παρεχόμε-

187 1732 240 1772 νοι
261 1700 481 1790 Ἀριόμαρδον
502 1699 561 1771 τόν
586 1699 767 1788 Ἀρτυφίου
794 1696 970 1786 ἀδελφεόν.
1019 1701 1193 1788 Σαράγγαι
1215 1703 1250 1771 δέ
1274 1707 1318 1770 εί-

187 1835 273 1895 ματα
296 1807 358 1893 μὲν
381 1808 573 1892 βεβαμμένα
596 1807 781 1888 ἐνένιρεκον
804 1808 949 1890 ἔχοντες,
978 1807 1097 1874 πέδιλα
1119 1806 1156 1874 δὲ
1183 1799 1226 1886 ἐς
1235 1805 1320 1893 γόνυ

190 2029 285 2064 nornen
301 2011 418 2064 δαιιιδαε.
457 2011 516 2062 Vid.
536 2015 605 2060 nott.
626 2011 661 2060 ed
676 2011 729 2074 111,

188 2083 231 2134 9⁸.
262 2072 376 2139 ὀϊστούς
389 2080 562 2143 καλαμίνους
575 2083 676 2132 Noster
690 2081 731 2130 di·

189 2155 231 2202 xit
251 2167 357 2218 quoque
377 2167 459 2215 cupre
480 2167 538 2215 οιιμ,
559 2151 588 2200 iil
610 2157 637 2199 et
656 2151 730 2200 inire

189 2238 250 2286 cup.
264 2221 312 2283 65),
335 2216 428 2278 οἰκίας
441 2218 597 2283 καλαμίνας
612 2222 650 2281 1,
669 2220 728 2273 101.

189 2292 220 2341 1ο
232 2307 307 2356 seqq.
321 2291 416 2355 optimi
430 2291 530 2355 quique
545 2289 624 2340 codd.
639 2289 731 2339 lerunt

189 2357 324 2425 σίδηρον,
354 2360 426 2424 quod
450 2360 515 2409 lerri
533 2374 614 2424 posse
637 2363 731 2409 eeneet

189 2429 351 2492 wesseling.
363 2429 479 2479 lauduuo
489 2431 555 2478 Aret
574 2428 730 2493 Cappadoe.

189 2501 276 2551 Morb.
294 2500 413 2550 diuturn.
430 2500 472 2563 ll,
494 2499 535 2552 13,
555 2515 580 2562 p.
603 2498 653 2548 134
672 2496 730 2560 (ubi

189 2567 314 2634 οίδαρα).
347 2569 378 2618 In
391 2568 529 2619 Seueroiti
548 2568 618 2617 libro
631 2567 732 2633 legitur

190 2637 320 2704 σίδηρος,
338 2640 419 2702 idque
434 2642 599 2690 revocarunt
615 2641 730 2688 recentt.

190 2710 249 2760 edd.
261 2709 322 2760 inde
333 2724 350 2757 e
360 2708 495 2760 Bellero.
526 2707 579 2759 Sed
593 2707 647 2758 vid.
659 2711 730 2757 nott.

189 2779 225 2828 nd
241 2779 309 2836 Vll,
332 2779 371 2830 le.

369 2949 434 2998 Cur.
456 2949 551 2998 LXVI.

220 3040 305 3108 Ἀριοι
323 3039 354 3096 δὲ
375 3065 399 3100 κ.
415 3065 438 3102 τ,
460 3047 494 3113 1.]
518 3050 558 3099 De
572 3051 642 3102 Ariie
662 3052 732 3102 dixi-

192 3133 251 3168 muu
269 3117 304 3166 ed
322 3118 391 3179 Vll,
409 3119 452 3169 112.
494 3119 557 3167 Mox
581 3111 653 3183 ἦσαν
671 3121 733 3170 dedi

102 3223 106 3232 .
191 3202 240 3251 pro
254 3178 321 3234 ἔσαν
334 3193 361 3236 et
373 3179 483 3235 τούτων
496 3202 544 3251 pro
558 3185 690 3250 τοντέων,
702 3195 733 3240 ut

190 3256 259 3317 Vll,
278 3255 312 3306 68
326 3255 386 3305 coll.
400 3255 442 3305 eo.
477 3256 518 3304 De
530 3257 649 3320 Parme,
670 3259 733 3308 Clo-

190 3327 304 3384 νοινάίι,
331 3325 471 3390 Soffllirque
490 3325 607 3376 diximus
625 3327 660 3377 ed
680 3327 732 3387 111,

190 3397 234 3456 113,
246 3395 278 3445 de
287 3396 425 3446 Gendnriie
433 3401 461 3444 et
469 3395 575 3444 Bodicie
585 3396 619 3446 ed
628 3398 679 3457 111,
688 3397 732 3448 ill.

225 3459 277 3529 τὴν
303 3456 394 3530 ον’τὴν
420 3457 525 3527 οκεοήν
546 3457 658 3528 ἔχοντες
680 3459 733 3530 τὴν

191 3531 240 3584 κα1
254 3529 400 3600 Βάκτριοι]
422 3533 546 3585 Pertinet
562 3534 614 3584 huc
628 3535 733 3586 Struvii

192 3605 321 3670 (Specim.
341 3605 454 3667 Quueet.
478 3605 499 3656 1.
519 3619 545 3669 p.
562 3605 595 3654 15
614 3605 732 3670 Οροεοο.

191 3675 228 3726 ll.
250 3691 275 3738 p.
295 3673 357 3738 288)
377 3675 536 3736 annotatio,
559 3674 606 3723 ubi
624 3674 649 3723 h.
670 3674 688 3725 l.
707 3679 734 3723 et

192 3744 293 3793 similes
311 3759 342 3792 ex
358 3744 498 3794 Herodoto
514 3743 593 3806 (Vll,
614 3746 651 3794 17.
666 3747 690 3806 ζ.
707 3747 732 3794 ⁶2.

191 3813 260 3873 vn,
279 3811 336 3866 ιοε,
353 3814 437 3875 vlu,
452 3813 494 3865 ιο.
511 3813 554 3863 ιο.
575 3814 628 3878 rx,
646 3815 671 3862 ι.
688 3811 733 3878 33)

193 3881 286 3938 effert,
304 3883 440 3964 inquibus
458 3883 622 3932 antecedens
638 3898 735 3947 prono-

193 3967 253 4000 men
269 3944 283 4002 ό
294 3942 381 4007 αι’·τος
392 3953 493 4016 exeipit
504 3951 647 4002 relativum
662 3952 735 4016 espi-

192 4022 299 4071 rntione
318 4023 437 4082 reiecto,
455 4021 501 4071 sed
518 4020 614 4071 addite
630 4021 663 4070 nd
680 4038 735 4071 me-

194 4091 278 4140 iorem
302 4092 457 4140 sententiae
480 4091 534 4140 vim
561 4097 734 4141 antenorem

195 4159 330 4221 perticuli
342 4157 398 4212 καί.
412 4185 446 4196 -·
458 4161 489 4210 ln
500 4174 576 4224 seqq.
588 4159 623 4209 ed
639 4175 735 4211 nomen

191 4219 338 4290 Ἀρτύφιος
364 4227 436 4277 hund
459 4229 516 4278 ecio
539 4245 575 4278 en
601 4230 737 4294 pertinent

190 4289 332 4364 Ἀρτύβιος
356 4296 438 4362 (quod
458 4299 545 4362 ipsum
564 4297 610 4348 hie
627 4300 736 4364 quidem

192 4367 254 4418 libri
277 4367 422 4430 efferunt),
450 4368 496 4431 qui
520 4373 683 4418 memoretur
703 4371 736 4428 V,

142 4435 145 4442 ⁴
195 4437 245 4488 108
257 4441 284 4488 et
296 4437 359 4496 111,
373 4438 434 4500 224,
447 4437 494 4488 ubi
507 4429 650 4502 Ἀρτάνης,
664 4438 736 4504 quod

781 2013 867 2077 ipsum
881 2011 1005 2061 hocloco
1024 2011 1129 2077 aliquot
1148 2013 1208 2064 libri
1223 2029 1320 2078 suppo-

781 2083 871 2132 ditnnt
886 2097 935 2146 pro
946 2073 1065 2145 Ἀζάνης.

951 2254 1017 2305 Ger.
1037 2255 1149 2304 LXVII.

817 2347 942 2407 Κάσπιοι
963 2349 993 2404 δέ
1014 2351 1182 2416 σισύραςτε
1205 2347 1319 2404 ἐνδεδυ-

781 2421 872 2484 adreel
896 2426 937 2476 De
951 2421 1114 2490 Coepiie'rid.
1132 2431 1200 2476 nott.
1217 2426 1251 2475 nd
1268 2426 1321 2485 Ill,

781 2499 823 2548 ee.
852 2497 904 2545 Pro
918 2495 993 2560 vulg.
1011 2490 1161 2558 σισύρνας,
1175 2511 1254 2560 quum
1267 2494 1323 2560 ple-

781 2569 857 2632 rique
871 2564 950 2617 codd.
965 2565 1107 2626 exhibent,
1123 2581 1155 2618 ex
1167 2565 1266 2616 Aldine
1279 2581 1322 2614 re·

781 2636 880 2687 vocavi
902 2628 1031 2698 credone,
1054 2636 1124 2700 quod
1143 2637 1231 2697 ipsum
1247 2638 1321 2685 recte

781 2705 914 2756 dederunt
928 2711 1041 2756 recenti.
1057 2706 1116 2756 edd.
1129 2707 1175 2764 lv,
1195 2703 1260 2768 109,
1274 2703 1322 2754 ubi

780 2776 835 2828 vid.
853 2779 922 2825 nott.
958 2775 1025 2825 Inde
1043 2777 1125 2826 etiem
1145 2791 1207 2824 mox
1225 2791 1257 2824 ex
1277 2790 1323 2824 eu·

781 2845 840 2896 dem
855 2845 955 2896 Aldine
974 2845 1036 2896 dedi
1052 2835 1255 2907 οισοροφύροι,
1275 2843 1322 2892 ubi

783 2915 866 2980 vulgo
877 2908 1092 2977 σισυρνοφόροι.
1108 2915 1183 2964 Idem
1194 2913 1323 2963 revocavi

781 2976 920 3041 άκινάκας
936 3002 949 3035 e
963 2985 1122 3035 Florentino
1138 2984 1253 3048 aliisque
1274 2997 1324 3046 pro

781 3055 852 3119 vulg.
862 3045 1024 3113 άκινάκεας,
1034 3071 1113 3120 quem
1124 3053 1239 3104 retinuit
1248 3053 1326 3102 Gele-

782 3125 902 3174 iordius:
921 3123 974 3174 vid.
991 3125 1049 3182 Ill,
1067 3125 1116 3175 128
1131 3124 1223 3188 ibique
1237 3127 1323 3180 nott.;

782 3194 909 3244 devocio
928 3193 1128 3257 significatione
1146 3193 1217 3242 conf.
1238 3191 1324 3242 alluta

783 3263 817 3311 ed
830 3261 898 3319 Vll,
915 3262 948 3310 54
963 3267 989 3310 et
1005 3263 1038 3312 de
1053 3262 1141 3311 lormn
1154 3251 1324 3310 ἐσκευάδατο

783 3334 853 3380 nott.
869 3331 903 3378 ed
915 3331 984 3392 111,
1000 3332 1042 3380 62.
1072 3331 1114 3382 De
1127 3331 1252 3396 Sarungyie
1267 3331 1325 3382 dixi

784 3400 818 3449 nd
831 3398 882 3460 Ill,
899 3397 942 3449 113.

818 3464 918 3530 εἵματα
931 3458 982 3527 μὲν
996 3460 1155 3534 βεβαμμένα
1169 3457 1326 3528 ἐνέπρεπον

784 3529 906 3601 ἔχοντες]
924 3537 967 3585 ltn
986 3552 1034 3601 pro
1053 3536 1126 3602 vulg.
1140 3531 1250 3602 ἔχοντες
1268 3529 1325 3586 ἐνέ-

784 3619 896 3667 πρεττον
914 3621 928 3654 e
944 3605 1102 3657 Florentino
1120 3623 1191 3658 nuuc
1212 3607 1324 3658 editum.

784 3675 930 3739 Vulgctum
959 3681 1040 3725 auten
1064 3677 1182 3727 ordinem
1208 3679 1327 3728 retinue-

786 3750 849 3796 runt
862 3751 977 3796 receutt.
997 3746 1058 3796 edd.
1078 3747 1141 3797 inde
1157 3763 1174 3796 τ
1189 3747 1324 3798 Bellero.

786 3813 889 3866 Volent
904 3820 994 3864 eutem
1008 3816 1142 3867 Herodoti
1157 3818 1253 3866 verbe:
1278 3816 1327 3864 Sn-

785 3900 883 3948 νοομαε
895 3887 1023 3948 οοιιτμίοιιι·
1037 3895 1112 3936 eron!
1122 3887 1231 3938 υτεαΊαιε
1244 3887 1340 3935 rlnrtie'

787 3971 808 4004 e.
820 3955 903 4017 pictis.
937 3955 1058 4020 longius
1072 3955 1217 4006 vernacule
1236 3953 1326 4005 reddi·

787 4024 841 4074 dit:
860 4025 904 4073 nn't
914 4026 1048 4087 ριβιῑνίστο
1064 4026 1193 4087 Me'nteln,
1215 4039 1264 4074 nee
1278 4022 1327 4071 eli-

787 4099 828 4144 ter
842 4094 898 4143 iere
914 4094 1035 4146 Heeren:
1048 4093 1089 4144 ld.
1103 4097 1131 4154 1,
1147 4096 1171 4144 1.
1185 4109 1245 4158 ρος.
1260 4091 1325 4144 335:

789 4165 853 4224 „mit
874 4163 949 4214 colon
967 4164 1102 4228 yesdrtlen
1125 4159 1327 4214 Gemeendern.“

788 4234 842 4294 Qui
856 4231 925 4284 idem
936 4233 998 4282 indo
1012 4231 1125 4298 colligit,
1139 4231 1200 4280 illm«
1210 4230 1251 4306 vel
1263 4245 1327 4280 enee

788 4301 915 4352 habuisse
936 4301 1075 4360 officinae,
1099 4301 1126 4350 in
1145 4301 1242 4366 quibus
1259 4300 1327 4350 telin

788 4371 890 4422 suerint
900 4375 997 4435 purete
1008 4371 1181 4428 vestimenta,
1189 4367 1232 4420 vel
1241 4385 1255 4421 e
1265 4370 1326 4420 Per-

788 4442 825 4492 eie
840 4440 968 4506 Indisque
987 4455 1035 4506 per
1052 4440 1241 4491 commercium
1259 4439 1327 4492 hueo
