3010 4966
447 343 812 406 TERPSIOHORE.
836 347 874 408 V.
897 358 941 411 58.
964 358 1007 413 59.
1250 353 1290 414 99

155 525 262 596 λωνος
276 519 336 584 τοῦ
352 511 517 604 Ἰσμηνίου
538 513 575 586 ἐν
590 517 719 608 Θήβῃσι
733 523 808 608 τῇσι
822 525 979 590 Βοιωτῶν
1001 517 1054 590 ἐπὶ
1076 530 1209 611 τρίποσί
1226 547 1291 594 τισι

155 717 224 768 dem.
253 717 292 768 Ac
308 717 461 768 Pausanias
475 732 581 782 quoque
595 718 643 780 IX,
657 717 696 768 10,
749 720 808 784 bue,
820 723 875 786 qui,
886 736 955 788 quae
965 721 1118 788 tripodibna
1128 723 1183 775 illis
1195 725 1290 776 inscri-

152 791 177 850 ξ.
192 790 208 836 4
222 787 295 838 iuter
307 787 437 853 tripodes,
452 787 550 852 quibua
562 787 697 852 Apollinis
749 796 797 854 pta
808 793 982 856 erantprieei
992 791 1085 857 lingui
1096 793 1247 859 priscisque
1259 795 1290 844 li-

153 858 267 907 lsmenii
276 858 403 923 templum
410 857 464 907 tuit
474 861 696 920 ornatum,unum
748 860 822 924 teria,
834 861 864 910 iu
872 861 943 912 bunc
953 862 1092 912 cultiorem
1105 863 1199 927 utique
1207 865 1289 914 Grae·

154 927 328 991 potissimum
337 927 697 992 memorattripodemanti-
748 931 841 994 cisque
863 930 909 980 illa
927 932 1082 997 antiquiora
1101 933 1288 996 ignorantibus

152 997 259 1062 qnitnte
289 1012 376 1063 aeque
409 996 577 1048 celebratum
612 1003 695 1061 utque
748 999 1155 1066 meliuscoguitnmsermonem
1169 1007 1287 1054 transtu·

152 1067 310 1118 dedicantis
355 1066 441 1128 lorii,
468 1065 611 1117 donarium
634 1067 697 1118 Arn-
747 1068 829 1120 lorint
849 1075 930 1135 atque
949 1071 989 1120 sic
1008 1071 1150 1122 Herodoto
1168 1073 1288 1124 tradide-

153 1136 309 1202 phitryouis
329 1084 374 1186 gal
391 1128 527 1200 Ἡρακλεῖ
544 1133 696 1200 δαφνηφο-
746 1139 811 1188 ιίιι1.
846 1141 983 1202 Tripodes,
1008 1156 1118 1206 quornm
1138 1143 1191 1192 iam
1214 1143 1287 1208 apud

153 1199 287 1270 prisneio,
309 1205 381 1257 unde
403 1211 495 1256 tamen
518 1205 601 1256 alium
625 1205 696 1255 huuc
747 1209 892 1260 Homerum
906 1209 1035 1274 frequens
1052 1212 1169 1273 mentio,
1187 1213 1287 1277 partim

153 1291 215 1326 cese
241 1276 375 1342 tripodem
405 1281 487 1340 atque
512 1275 695 1326 Herodeteum
746 1277 782 1327 ad
799 1278 996 1344 supellectilem
1011 1280 1186 1332 domesticam
1203 1284 1287 1347 perti-

152 1345 214 1396 vnlt
229 1344 345 1396 Siebelia
362 1343 398 1395 ad
408 1347 529 1396 Pausan.
542 1345 560 1396 l.
576 1345 594 1396 l.
610 1362 635 1410 p.
651 1345 692 1397 35.
745 1348 855 1410 nebant,
866 1349 958 1398 varios
968 1349 1003 1398 ad
1014 1365 1078 1402 usus
1088 1350 1216 1412 adhibiti,
1228 1367 1288 1417 par·

152 1415 196 1464 De
219 1413 307 1465 literis
333 1415 433 1480 tripodi
460 1415 604 1479 insculptis
628 1415 695 1464 nibil
745 1417 793 1466 tim
807 1419 842 1468 ad
856 1433 967 1469 innuere
977 1424 1074 1484 sponte
1087 1421 1181 1470 amicis
1196 1421 1288 1472 oblata

153 1484 304 1550 quidquem
325 1491 518 1536 commemorat
532 1485 694 1546 Pausanias,
744 1487 788 1538 vel
813 1489 935 1553 praemia
959 1488 987 1538 in
1007 1490 1202 1540 certaminibus
1227 1491 1287 1540 dari

152 1570 222 1619 quas
237 1555 393 1606 Herodotus
407 1571 436 1605 se
450 1556 552 1605 vidisse
566 1558 694 1618 testatur,
744 1556 998 1608 solitavictoribus.
1025 1559 1077 1620 Qui
1090 1559 1170 1610 iidem
1183 1575 1243 1610 cum
1258 1561 1286 1609 in

152 1639 291 1689 quasque,
310 1625 344 1674 ab
357 1623 496 1674 Herodoto
508 1639 570 1674 mox
582 1621 694 1685 allatas,
745 1641 824 1676 sacra
847 1627 982 1692 Apollinis
998 1627 1167 1692 supellectile
1186 1635 1287 1692 essent,

152 1709 171 1743 a
183 1693 280 1744 dextra
296 1694 330 1744 ad
343 1693 450 1744 laevam
464 1694 631 1758 processisse
645 1709 694 1758 pro
745 1696 865 1748 crebrius
884 1698 918 1746 ab
933 1697 1123 1761 antiquissimo
1140 1699 1202 1748 inde
1221 1705 1287 1749 tem-

151 1764 266 1835 antiquo
283 1779 357 1814 more
376 1762 448 1814 haud
466 1762 536 1814 male
553 1763 605 1813 viri
621 1763 695 1812 docti
745 1780 824 1830 pore,
839 1767 997 1831 praesertim
1014 1773 1161 1833 antequem
1176 1769 1286 1819 simula-

152 1835 334 1898 suspicantur.
361 1833 420 1896 Quo
434 1833 522 1884 minus
536 1848 597 1884 cum
612 1833 642 1882 Ρ.
659 1835 692 1882 A.
744 1852 792 1886 era
804 1835 930 1886 dedicare
942 1843 1131 1900 conuesaent,
1141 1839 1167 1886 iu
1178 1839 1285 1902 templis

152 1901 251 1952 Wolfio
265 1903 389 1968 Prolegg.
409 1903 444 1952 ad
461 1903 571 1953 Homer.
593 1918 621 1967 p.
636 1902 691 1953 LV.
746 1905 878 1968 Apollinis
887 1923 935 1971 pro
943 1907 1064 1956 donariis
1072 1907 1286 1958 collocabantur.

153 1972 296 2036 iaciamus,
311 1974 436 2035 mirante,
451 1972 522 2038 quod
537 1971 693 2022 Herodotus
745 1975 864 2036 Quorum
872 1975 934 2025 hinc
943 1991 1069 2027 numerus
1079 1982 1229 2041 temporum
1240 1977 1287 2028 de·
1347 1982 1350 1988 '

151 2041 220 2092 haee
238 2046 436 2108 epigrammata
454 2041 489 2092 ad
508 2041 603 2092 Cadmi
618 2045 694 2090 aeta·
746 2059 844 2105 cursu,
860 2050 890 2094 ut
905 2043 1194 2106 lit,1narimecrevit;
1215 2047 1284 2098 unde

151 2118 207 2162 torn
228 2113 351 2178 proxime
377 2111 501 2162 retrudat
529 2117 556 2162 et
575 2112 694 2161 Homero
746 2112 865 2174 tactum,
886 2119 916 2164 ut
935 2114 1045 2167 lamenii
1064 2115 1197 2180 Apollinis
1220 2122 1286 2168 tem-

150 2181 240 2232 tribus
256 2185 406 2247 quatuorve
426 2179 525 2232 seculis
545 2181 696 2231 constituat
745 2181 828 2246 plum,
840 2183 869 2231 in
883 2198 934 2247 quo
948 2188 1003 2232 tarn
1015 2183 1093 2234 multi
1104 2186 1286 2237 servabantur

151 2251 258 2316 priora3
272 2253 365 2316 itaque
375 2251 543 2302 Herodotum
556 2249 696 2300 contendit
746 2251 883 2316 tripodes,
895 2251 1029 2303 Pindarua
1044 2259 1157 2304 vocaret
1176 2254 1286 2306 thesau-

151 2337 169 2370 a
182 2321 411 2372 monstratoribus
424 2322 463 2371 sic
474 2320 597 2371 edoctum
611 2319 695 2370 tuisse
746 2337 805 2370 rum
816 2319 953 2386 tripodum
968 2335 1109 2372 aureorum
1122 2322 1228 2388 Pythie.
1245 2325 1284 2374 IX

150 2396 179 2441 et
191 2395 308 2458 accepta
320 2405 368 2456 pro
384 2405 456 2440 more
470 2389 606 2452 retulisse,
617 2389 693 2439 dece·
745 2391 806 2442 init.
835 2389 898 2440 Vid.
911 2389 1054 2455 Spanbern.
1074 2391 1109 2440 ad
1123 2391 1283 2445 Callimach.

151 2467 229 2526 ptum
244 2461 379 2512 inusitati
391 2459 530 2510 literarum
547 2459 634 2510 lormli
645 2473 694 2508 uec
744 2461 780 2511 H.
791 2461 819 2510 iu
831 2459 892 2512 Del.
901 2459 942 2509 89.
952 2475 976 2524 p.
985 2460 1034 2510 451
1043 2461 1110 2509 Ibat
1123 2475 1191 2524 qnae
1204 2477 1286 2524 supra

150 2531 261 2596 ingenio
287 2531 357 2580 satis
378 2530 492 2580 subacto
520 2531 692 2581 instructum.
745 2530 887 2580 attulimus
898 2529 934 2579 ad
947 2529 969 2590 1,
985 2530 1027 2580 ui.
1042 2529 1157 2591 Iv,179.
1169 2529 1285 2580 Crenae-

152 2599 233 2661 Quod
259 2605 290 2649 ut
309 2598 433 2662 credam,
457 2597 556 2648 adduci
580 2613 693 2662 nequeo,
744 2616 790 2650 rus
812 2599 910 2649 laudat
929 2597 1068 2648 Thierecb.
1090 2598 1219 2662 Epocben
1238 2598 1285 2649 der

150 2671 311 2735 praesertim
340 2684 400 2719 cum
420 2667 589 2720 Herodotum
613 2673 692 2716 tanta
744 2668 810 2719 bild.
823 2671 913 2719 Kunet
926 2683 988 2734 pag.
1003 2667 1051 2717 147
1065 2668 1107 2740 ed.
1122 2666 1169 2718 alt.

151 2753 213 2788 cum
233 2754 298 2790 cura
318 2739 346 2788 in
367 2738 434 2788 baec
459 2737 635 2802 inquisivisse
654 2737 693 2784 vi·
779 2730 808 2787 ἐν
831 2735 871 2804 τῷ
893 2729 946 2802 ippi
970 2737 1023 2785 sori
1038 2726 1209 2794 'alnoltovcc
1232 2734 1285 2786 τοῦ

150 2807 240 2872 (leam,
253 2823 321 2874 quae
334 2807 397 2858 inde
409 2808 449 2860 sic
459 2806 562 2871 retulit,
575 2811 604 2857 ut
616 2806 691 2856 tirma
737 2799 882 2872 Ἰσμηνίου
893 2798 923 2856 ἔν
930 2799 1049 2872 Θήβῃσι]
1061 2805 1194 2871 Apollinis
1201 2807 1284 2860 Isme-

150 2893 183 2929 ae
193 2893 269 2940 sera,
282 2878 373 2942 pronti
386 2878 439 2942 ipai
451 2879 512 2929 visa
524 2880 611 2940 eraut,
622 2891 638 2925 ιι
651 2891 692 2927 re·
743 2878 782 2928 nii
797 2876 926 2942 templum
942 2876 978 2926 ad
992 2875 1114 2926 dextram
1129 2875 1283 2933 Thebarum

149 2946 234 3013 liquis
247 2947 341 2998 baberi
355 2945 452 3009 vellet,
472 2945 540 2996 adeo
554 2950 600 3008 nt,
620 2945 692 3010 quod
743 2952 849 3012 portam
872 2947 924 2996 fuit
950 2949 1129 3010 exstructum,
1154 2947 1181 2995 iu
1204 2946 1282 3009 colle,

150 3017 185 3068 ad
206 3018 326 3082 ipsarum
346 3017 488 3068 literarum
507 3031 539 3066 ae
556 3015 692 3080 tripodum
743 3033 822 3082 quern
836 3015 1047 3082 praeterlabitur
1061 3015 1195 3066 Ismenius
1211 3017 1284 3067 rivu-

150 3088 344 3152 antiquitatem
363 3087 478 3148 attinet,
506 3083 595 3136 nullus
615 3084 691 3134 dubi·
742 3087 794 3138 lus.
822 3086 885 3137 Vid.
898 3087 1016 3136 Pauaan.
1029 3086 1078 3148 lX,
1093 3086 1132 3136 10.
1150 3088 1175 3147 ἓ.
1188 3087 1212 3134 2.
1229 3086 1283 3135 He-

149 3156 231 3208 tandi
255 3156 330 3208 loona
351 3156 536 3221 relinquatur;
562 3170 644 3220 quam
664 3155 693 3203 in
743 3156 829 3207 rodet.
843 3157 865 3218 l,
878 3155 921 3215 5²,
934 3155 980 3204 nbi
992 3154 1111 3205 eiusdem
1124 3154 1199 3204 aedis
1211 3171 1284 3204 men-

150 3242 208 3277 rem
229 3241 335 3292 quoque
353 3225 440 3276 multa
462 3225 575 3290 protulit
597 3227 692 3274 contra
744 3225 792 3288 tio,
805 3224 883 3288 Vlll,
897 3223 945 3274 134
959 3221 1017 3288 (ubi
1029 3224 1061 3274 de
1074 3223 1195 3286 oraculo,
1210 3224 1282 3288 quod

149 3294 278 3347 Woltium
286 3297 376 3347 Mure:
392 3295 507 3358 History
519 3295 549 3344 ot
559 3292 605 3343 the
617 3292 690 3358 lang.
743 3292 1282 3357 sacrificanteahpolliniindesumebant),

149 3367 206 3417 and
220 3365 321 3419 litarat.
337 3366 367 3416 oi
375 3380 435 3416 ane.
447 3364 549 3416 Graece
561 3363 614 3414 111.
630 3377 692 3426 pag.
744 3363 912 3428 PindPytb.
928 3363 976 3420 Xl,
991 3361 1007 3412 6
1020 3361 1078 3427 (ubi
1094 3363 1148 3413 vid.
1162 3363 1281 3416 Boeckli.

149 3434 443 3502 seuieqq.,uerodoto
459 3432 691 3500 patrocinaturus.
743 3432 893 3498 Explicuit.
908 3447 934 3497 p.
949 3429 1026 3494 337),
1043 3431 1168 3496 Sopboel.
1185 3432 1282 3497 Oedip.

151 3505 232 3567 Quod
244 3505 281 3555 ad
292 3506 367 3569 ipsos
380 3518 476 3555 versus
488 3504 589 3554 attinet
607 3502 692 3566 tripo-
744 3505 809 3568 Tyr.
822 3501 865 3564 el,
882 3506 909 3552 et
922 3501 995 3552 cont.
1008 3499 1037 3550 (1.
1051 3501 1082 3552 Ο.
1096 3501 1222 3552 Mueller:
1236 3503 1285 3552 Or-

146 3575 231 3626 dibus
244 3574 406 3640 inscriptos,
426 3589 493 3640 quoa
508 3572 542 3623 ad
555 3571 693 3623 Homerici
744 3572 867 3624 chonen.
881 3588 907 3636 p.
923 3570 979 3621 148.
994 3570 1054 3634 487,
1076 3571 1182 3637 Unger:
1201 3571 1284 3622 Pera·
1325 3579 1331 3588 '

150 3645 168 3693 i.
185 3661 208 3695 e.
222 3643 346 3694 cultioris
358 3645 446 3694 lonici
459 3643 590 3694 sermonis
604 3641 694 3691 imita·
744 3643 804 3692 dox.
820 3641 943 3691 Theben.
957 3656 982 3705 p.
1000 3641 1046 3690 141
1060 3639 1121 3692 coll.
1136 3640 1185 3691 120
1197 3657 1284 3707 seqq,
1346 3646 1347 3649 ’

151 3715 254 3764 tionem
268 3713 358 3764 iactos
373 3729 434 3764 ease
446 3712 559 3764 Woltius
571 3711 644 3772 vult¹
658 3711 692 3760 ab
743 3711 842 3763 Pabet:
867 3711 909 3760 De
926 3709 978 3760 diis
994 3708 1116 3760 fatidico.
1131 3711 1243 3762 Graece.
1256 3727 1283 3775 p.

150 3784 218 3848 ista,
228 3799 299 3849 qnae
313 3783 427 3845 teratur,
442 3786 580 3835 vetustate
592 3779 692 3844 longis·
743 3783 786 3834 57.
813 3781 947 3831 decorate
960 3780 1047 3845 ipsum
1061 3778 1156 3831 collem
1171 3795 1204 3829 ac
1218 3784 1284 3830 tem-

150 3853 220 3904 sime
238 3853 433 3914 abhorrentes,
454 3851 482 3901 id
499 3850 606 3918 quidem
624 3849 692 3900 bene
744 3849 817 3915 plum
839 3851 868 3900 in
893 3849 963 3901 colle
988 3853 1154 3901 exstmrctum
1179 3847 1285 3897 indicat

150 3922 252 3988 largior
268 3924 327 3975 viro
346 3921 436 3986 docto,
452 3921 502 3973 hoa
517 3935 611 3971 versus
627 3935 693 3970 sane
743 3919 954 3971 Forcbhammer
964 3918 992 3968 iu
1010 3917 1106 3969 tabula
1123 3915 1284 3994 geographi3

149 3989 692 4058 eampraebereliuguameasquedicen·
744 4005 791 4050 ca,
806 4005 875 4056 quae
888 3989 982 4039 addito
1003 3993 1045 4038 est
1063 3983 1287 4037 commentationi

150 4061 180 4112 di
195 4062 313 4126 formas,
328 4077 397 4128 quae
411 4061 448 4112 ad
463 4060 634 4112 Homericam
653 4057 693 4108 di·
743 4060 775 4110 de
786 4058 967 4126 topographia
977 4057 1134 4107 Thebarum
1142 4053 1285 4116 Heptapy-

149 4131 231 4182 cendi
248 4133 397 4196 rationem,
418 4130 507 4196 qualia
527 4129 600 4195 apud
621 4129 693 4178 anti·
742 4127 828 4180 larum
842 4128 943 4193 (Kiliae
958 4125 1051 4190 1854),
1068 4123 1116 4173 ubi
1128 4121 1184 4204 vid.
1198 4137 1225 4186 p.
1242 4121 1283 4202 17ἱ

150 4203 261 4267 quiores
282 4201 402 4253 Graecos
425 4199 487 4252 iude
509 4199 544 4250 ab
565 4215 598 4249 ea
623 4213 693 4264 quae
743 4199 824 4250 Hunc
839 4215 904 4250 varo
922 4197 1061 4260 Apollinem
1074 4193 1217 4255 Ismeniam,
1238 4205 1284 4256 qni

150 4271 237 4322 lertur
248 4271 361 4322 Homeri
380 4275 471 4322 aetate
489 4269 622 4330 obtinuit,
637 4265 693 4318 olfi-
744 4269 838 4334 utique
857 4267 929 4319 Solis
953 4269 1012 4314 erat
1037 4261 1118 4322 dena,
1144 4277 1161 4312 a
1182 4260 1284 4312 Cadmo

150 4347 213 4391 ctae
230 4341 317 4392 videri
336 4345 446 4406 queant.
473 4339 505 4390 ld
523 4353 588 4391 vero
605 4338 715 4402 ipsum'
743 4337 979 4401 Phoenicibueque
997 4330 1111 4382 allatum
1134 4331 1181 4382 vix
1201 4330 1285 4381 alium

149 4409 327 4462 inclamasse
344 4410 503 4462 crediderim
516 4425 534 4460 a
547 4407 695 4460 sacerdoti·
744 4423 805 4478 esqe
818 4401 1034 4481 prenaepuemrlt
1045 4401 1125 4453 deum
1137 4407 1221 4468 atque
1234 4401 1287 4450 Pu-

1042 4485 1087 4550 7*
