3062 4976
192 313 253 376 3611

626 313 889 376 HERODOTI

191 488 247 555 καὶ
261 483 386 555 ὕστατα
399 488 493 574 μέχρι
509 489 589 576 ἐμεῦ
603 499 786 558 σεισθεῖσα,
822 490 990 560 καὶτοῦτο
1004 490 1065 577 μέν
1079 515 1142 558 κου
1155 489 1252 578 τέρας
1265 487 1325 560 ἆν-

191 591 360 717 θρῶττοισι
383 595 450 660 τῶν
471 590 663 717 μελλόντων
683 599 821 662 ἔσεσθαι
841 597 956 660 κακῶν
977 599 1080 688 ἔφηνε
1100 588 1117 660 ὁ
1139 592 1230 671 θεός.
1272 597 1325 664 e'ui

192 693 257 784 peip
279 700 429 782 Δαρείου
447 699 508 762 τοῦ
523 692 738 779 Υστασιιεος,
769 696 870 765 καὶ
848 698 978 781 ,Ξρέξεοτ
999 701 1060 763 τοῦ
1079 700 1246 782 Δαρείου,
1270 700 1326 766 καὶ

152 821 154 832 ·
190 797 406 887 Ἀρτοξέρξεω
418 824 478 866 του
463 801 635 886 Ξέρξεω,
650 804 754 886 τριῶν
767 800 915 868 τουτέων
925 801 1041 886 ἐπεξῆς
1055 805 1183 885 γενεῶν
1194 801 1326 886 ἐγένετο

193 981 276 1029 „esre
295 969 428 1032 tantoque
447 966 591 1049 cupidius,
615 968 686 1032 quod
708 972 735 1017 et
785 981 900 1045 eamque
917 967 1003 1050 ipsam
1020 965 1053 1015 ob
1066 980 1177 1016 cerream
1192 965 1327 1018 adiecisse

194 1036 258 1099 „iile
277 1036 373 1086 Nostri
390 1035 545 1104 exemplo
537 1053 564 1086 rn
584 1052 673 1088 rerum
692 1026 1325 1100 111-ῶςέΙιεγονοῖΔήλτοιε11111111111111111

194 1112 335 1170 „tororum
353 1105 487 1170 prodigiis
507 1097 614 1156 insulae
630 1110 733 1157 motum
784 1107 826 1156 bis
839 1105 910 1156 idem
922 1106 964 1156 vir
977 1105 1072 1154 doctus
1090 1119 1115 1168 p.
1129 1107 1163 1154 24
1181 1106 1324 1156 articulum

193 1177 345 1238 censitum
356 1175 441 1226 iursse
456 1175 608 1236 prodrdrt‘
626 1177 667 1226 Ex
682 1175 734 1226 hnc
785 1167 829 1237 oi,
849 1191 928 1241 quem
946 1175 1041 1240 utique
1057 1173 1194 1225 Mediceus
1217 1176 1324 1240 duoque

192 1215 277 1310 igitur
300 1244 476 1309 Wesseiingii
498 1246 621 1306 ratione,
654 1261 733 1309 quam
784 1212 834 1294 alii
852 1245 930 1295 codd.
954 1245 1096 1307 omittunt,
1115 1242 1211 1294 meiius
1230 1245 1326 1295 abesse

192 1314 334 1366 Goeiierus
348 1314 450 1379 aliique
465 1314 631 1378 Thucydidis
650 1317 734 1365 inter-

192 1390 283 1450 preter
294 1387 509 1447 assumpserunt,
522 1385 555 1434 de
564 1399 617 1434 uno
627 1385 734 1435 eodem-

194 1471 246 1517 que
258 1459 348 1503 terrac
361 1457 445 1513 motu,
454 1454 500 1516 qui
513 1453 617 1502 accidit
626 1453 733 1520 Oiymp.

192 1523 312 1580 LXXII,
329 1523 344 1573 3
365 1523 422 1573 sire
440 1521 576 1572 1111110430
590 1527 654 1572 ante
669 1523 732 1573 Chr.

193 1607 220 1640 u.
227 1591 319 1654 ,apud
331 1595 474 1654 utrumque
488 1592 647 1656 scriptorem
662 1593 735 1658 cogi-

192 1628 305 1712 tairdum
319 1661 385 1716 erit,
399 1660 472 1724 spud
486 1659 671 1722 Thucydidem
685 1677 734 1712 au-

192 1735 246 1778 tem
262 1729 346 1779 verba
367 1723 492 1792 ὀ11γον
509 1727 575 1792 πρὸ
596 1725 734 1780 τούτων

191 1799 286 1849 latiori
300 1815 381 1850 sensu
392 1799 565 1863 accipienda:
584 1801 681 1865 quibus
692 1805 733 1850 ta-

191 1884 252 1918 men
266 1869 357 1918 verbis
375 1873 512 1933 aemnpr'ula
527 1885 658 1920 annorum
671 1887 733 1953 spa-

192 1939 260 1988 tium
275 1938 392 1988 indicori
403 1943 434 1988 ut
447 1938 571 2002 credam,
590 1955 606 1989 a
624 1955 666 1990 me
686 1942 735 1988 im·

192 2013 301 2070 petrorc
311 2007 383 2058 haud
390 2023 508 2073 possum,
516 2024 566 2059 neo
578 2011 665 2074 magis
677 2025 734 2060 cre-

191 2077 321 2138 diderim,
335 2077 521 2142 Thucydidem
540 2094 572 2128 ea
586 2084 676 2129 mente
692 2080 733 2130 su-

191 2149 262 2207 isse,
276 2151 307 2196 ut
322 2150 410 2198 terrae
425 2152 541 2212 motum,
556 2163 634 2213 quem
647 2150 734 2200 Hero-

192 2217 274 2268 dotus
292 2217 423 2282 prodidit,
442 2215 533 2267 fictum
553 2233 665 2282 prorsus
685 2219 735 2268 ha-

190 2287 268 2337 beret
290 2285 407 2352 indeque
433 2285 541 2337 silentio
563 2290 734 2353 praetermit-

191 2357 301 2406 tendum
330 2359 454 2421 putaret:
490 2373 559 2421 quae
580 2357 732 2408 Gottieberi

190 2431 233 2477 est
258 2426 395 2476 sententia
418 2425 484 2474 mihi
507 2427 581 2477 haud
606 2427 730 2490 probata,

190 2497 236 2561 qui
257 2501 382 2545 neutrum
407 2495 565 2558 scriptorem
591 2497 641 2546 sihi
665 2498 733 2546 invi·

189 2582 247 2617 cem
263 2565 400 2627 cognitum
415 2563 502 2613 fuisse
515 2565 641 2616 existimo
659 2566 732 2616 inde·

190 2652 241 2700 que
252 2634 285 2684 iis
300 2633 410 2690 accedo,
421 2647 492 2694 quae
502 2633 554 2682 ium
566 2634 596 2684 (1.
606 2635 638 2685 0.
648 2635 733 2685 Muel-

190 2704 230 2755 icr
243 2705 308 2752 Dor.
323 2703 345 2750 1.
359 2717 385 2765 p.
402 2701 454 2750 312
467 2705 523 2754 not.
538 2702 570 2753 de
584 2703 627 2754 his
641 2708 731 2754 stato-

188 2773 222 2829 it;
242 2787 257 2820 e
272 2771 349 2820 cuius
361 2770 412 2819 viri
427 2771 661 2833 senteutia,uuam
672 2789 732 2836 pro-

188 2841 267 2890 bavit
287 2853 393 2904 quoque
409 2839 498 2887 Franz
519 2839 602 2901 (Heri.
615 2842 729 2892 Jahrbb.

188 2910 207 2960 1.
222 2907 381 2958 wissensch.
395 2908 485 2956 Kritik
498 2909 572 2961 1811,
588 2910 728 2962 II.ur.18.

188 2995 213 3044 p.
230 2975 308 3040 144),
325 2991 375 3026 nco
389 2975 545 3026 Herodotus
558 2983 617 3030 eins
630 2986 729 3044 motus,

187 3047 264 3098 cuius
278 3045 352 3110 apud
368 3043 553 3112 Thucydidem
572 3048 603 3098 fir
618 3051 730 3112 mentio,

187 3119 251 3167 ante
263 3119 351 3180 ipsum
362 3114 459 3166 beilum
468 3088 730 3182 Peloponnesiacum

187 3186 262 3238 scii.
278 3183 387 3235 videtur
403 3187 573 3247 meminisse,
592 3203 642 3239 uec
657 3189 730 3239 Thu-

186 3255 298 3318 cydides
313 3254 411 3317 prioris
424 3261 527 3319 motus,
545 3257 577 3308 de
592 3275 643 3323 qno
662 3260 726 3308 scri·

185 3308 226 3374 bit
237 3325 404 3374 Herodotus
425 3325 515 3376 liuius
529 3326 613 3377 libros
623 3327 729 3392 Thucy-

186 3393 243 3444 didi
253 3393 378 3457 cognitos
391 3393 476 3445 inisse
486 3402 517 3445 ut
529 3398 647 3457 credam,
662 3413 730 3447 uun-

185 3477 267 3526 quam
278 3461 377 3512 adduci
389 3478 512 3526 possum·
525 3482 613 3530 neque
624 3483 666 3518 me
675 3481 730 3515 mo

185 3535 250 3581 vent
263 3546 305 3591 ea,
321 3547 390 3596 quae
404 3532 437 3582 de
452 3533 503 3583 hoc
515 3536 645 3586 Herodoti
657 3536 728 3598 icoc,

186 3616 263 3664 quern
277 3615 336 3650 cum
351 3600 528 3664 Thucydideo
547 3607 727 3670 compararit

184 3669 308 3730 pluribus
330 3671 420 3718 verbis
439 3675 571 3728 exposuit
589 3673 726 3727 Saiomon.

185 3739 226 3788 De
245 3737 396 3800 Thucydid.
416 3744 443 3788 et
462 3742 601 3793 Herodoto
619 3749 724 3806 quaest

183 3808 248 3858 hist.
263 3809 374 3872 specim.
391 3806 521 3871 (Boroiin.
541 3812 629 3873 11151.)
652 3829 677 3872 p.
696 3815 726 3863 13

184 3893 261 3942 seqq.
287 3876 341 3938 Qui
353 3877 455 3927 reiecto
469 3881 604 3930 etWarsii
619 3883 726 3932 etWes-

184 3945 293 4012 seiingii
308 3947 424 4004 ratione,
439 3963 518 4010 quarn
535 3965 616 4011 supra
631 3967 726 4016 propo·

184 4017 305 4076 suimus,
326 4017 520 4066 auctoritatem
547 4019 724 4084 Thucydidis,

184 4087 227 4134 cui
240 4085 424 4135 Herodotcum
445 4085 531 4136 iocum
552 4090 724 4140 obversatum

184 4169 243 4204 esse
261 4153 333 4212 vuit,
353 4155 393 4202 ita
405 4156 538 4218 praefert,
559 4163 590 4208 ut
604 4159 725 4210 Herodo-

184 4223 261 4270 tum
254 4237 342 4286 ipsum
357 4223 493 4274 existimet
511 4225 582 4276 haud
600 4245 723 4289 magnam

182 4288 296 4339 fldem''
278 4308 312 4342 ns
326 4292 468 4355 tribuisse,
487 4309 557 4358 quae
570 4297 657 4346 Deliis
675 4315 725 4348 su·

181 4357 302 4408 ctoribus
317 4361 350 4410 de
361 4366 450 4412 terme
466 4367 540 4414 motu
556 4367 722 4430 tradidisset,

785 1318 882 1378 putat,
906 1314 971 1364 iicet
986 1328 1044 1364 mea
1061 1327 1093 1362 ex
1105 1314 1242 1364 sententia
1259 1331 1324 1365 eun-

785 1383 844 1433 dem
855 1384 942 1433 oratio
953 1384 1013 1448 ipsa
1026 1381 1156 1446 requirat.
1177 1382 1244 1432 Mihi
1254 1384 1323 1434 enim

784 1453 852 1502 haec
863 1453 946 1503 verba
959 1451 1097 1502 addidisse
1108 1452 1215 1501 ridetur
1224 1453 1325 1503 Noster

785 1523 820 1572 ad
840 1522 969 1572 maiorem
991 1523 1144 1571 sententiae
1166 1523 1324 1585 propositae

784 1591 863 1642 fidem
878 1591 1094 1641 conciliandam.
1110 1587 1246 1654 'adquam
1261 1606 1324 1640 ean-

784 1661 844 1710 dem
871 1660 1030 1711 firmandam
1055 1627 1193 1744 pertinent
1217 1675 1325 1724 quoque

783 1731 867 1780 verba
881 1725 972 1779 καὶ
942 1728 1040 1790 πρῶτα
1053 1725 1101 1776 καὶ
1115 1742 1234 1790 υοτατα,
1251 1729 1323 1794 quod

783 1799 827 1850 vel
846 1781 982 1863 particula
1002 1793 1057 1847 ’καὶ
1078 1798 1120 1847 bis
1142 1765 1234 1861 positsi
1256 1798 1323 1862 (vid.

783 1869 925 1933 Hartung:
948 1865 1078 1918 Iehred.
1095 1866 1201 1917 Griech.
1218 1867 1322 1920 Partik.

783 1939 807 1989 I.
821 1955 847 2003 p.
864 1937 925 2002 144)
938 1937 1060 1990 indicere
1076 1940 1174 2001 potest.
1202 1937 1243 1986 De
1256 1937 1323 1986 duo·

782 2007 834 2057 hus
846 2009 930 2072 igitur
941 2009 1028 2072 iisque
1039 2007 1154 2056 diversis
1168 2010 1257 2056 terrae
1271 2021 1325 2056 mo-

782 2077 865 2138 tibus,
879 2078 925 2143 qui
939 2077 1041 2128 inDeio
1056 2074 1145 2126 insule
1155 2076 1324 2138 acciderunt,

783 2149 836 2196 crit
848 2147 1022 2210 cogitandum
1036 2160 1069 2195 ac
1080 2145 1323 2208 statuendum,He-

782 2216 916 2278 rodotum,
925 2232 1004 2281 quem
1015 2217 1099 2266 vitem
1111 2215 1271 2278 produxisse
1282 2229 1324 2264 nr·
1392 2275 1394 2278 Ι

782 2287 915 2336 bitramur
933 2285 966 2335 ad
984 2301 1016 2334 ea
1029 2288 1159 2348 tempora,
1174 2283 1271 2348 quibus
1284 2283 1322 2332 ai·

782 2360 825 2405 tcr
845 2359 934 2405 terrae
950 2359 1038 2404 motus
1059 2352 1161 2402 accidit
1183 2351 1231 2416 (cf.
1253 2358 1322 2402 nott.

782 2425 817 2474 ad
836 2425 873 2485 V,
893 2423 954 2488 77),
975 2422 1076 2473 nuliam
1096 2427 1187 2472 tamen
1210 2419 1323 2472 alterius

783 2499 870 2543 terrac
883 2499 972 2543 motus
983 2493 1163 2557 cognitionem
1175 2491 1322 2554 accepisse,

782 2564 892 2614 Thuriis
909 2563 1113 2612 detitescentem
1133 2576 1165 2610 sc
1183 2576 1273 2610 senem
1291 2576 1323 2610 ea

781 2633 1080 2696 perscribentem,quae
1092 2631 1195 2680 iuvenis
1207 2630 1242 2680 ob
1256 2630 1323 2694 ipsis

782 2702 870 2753 Deliis
885 2705 1032 2767 acceperat
1045 2715 1189 2764 eorumque
1205 2699 1324 2750 auctori-

781 2777 841 2824 tate
853 2771 939 2821 litoris
952 2771 1114 2821 tradiderat.

811 2830 922 2900 Ἀοταξέ
924 2838 1006 2902 pheor]
1033 2840 1078 2888 Ita
1090 2837 1322 2888 dederunteSnn-

778 2911 862 2990 prosti
875 2911 944 2960 libro
956 2907 1106 2972 Schweigh.
1119 2912 1146 2958 et
1156 2907 1244 2956 (inies.
1267 2906 1322 2955 Alii

778 2969 971 3042 Ἀρτοξέρξεω,
980 2975 1322 3044 quemscripturamtirac·

780 3049 849 3099 culis
861 3049 952 3101 deberi
963 3049 1063 3099 statuit
1074 3045 1223 3108 Schweigh.
1232 3045 1321 3104 adil

780 3119 813 3170 43
827 3117 884 3183 (ubi
898 3119 954 3172 vid.
970 3117 1062 3182 nott),
1073 3120 1104 3164 ut
1118 3115 1163 3180 qui
1177 3115 1322 3179 peregrine

779 3192 889 3239 nomine
902 3188 941 3237 ita
954 3204 970 3237 a
981 3202 1046 3238 vero
1055 3186 1199 3235 deflectere
1209 3199 1322 3234 consuc-

779 3259 878 3308 verint.
902 3251 1081 3317 Ἀοτοξὲρξεω
1101 3254 1146 3303 hic
1166 3253 1237 3304 maie
1254 3256 1321 3303 reti·

778 3329 838 3376 uuit
855 3327 971 3377 Beklrer.
998 3325 1070 3374 Hinc
1085 3324 1177 3374 endem
1193 3324 1319 3373 contusio

778 3398 845 3456 VH,
868 3396 925 3449 106.
949 3395 1007 3446 151.
1041 3393 1119 3458 Apud
1133 3392 1319 3456 Thucydidem

780 3467 809 3526 1,
831 3465 897 3524 104,
918 3463 1139 3528 Xenophontem,
1160 3463 1319 3522 Diodorum,

778 3503 932 3585 Gorneiihm
942 3537 1073 3597 Nepotem
1086 3531 1229 3595 (Themist.
1240 3531 1266 3582 11.
1281 3532 1318 3581 111.

778 3606 819 3657 De
831 3620 905 3666 reug
921 3603 958 3667 1),
974 3603 1042 3652 aiios
1046 3617 1169 3665 semper
1181 3601 1320 3650 invenitur

775 3665 911 3732 Ἀυταξέο
915 3671 979 3733 ξης,
1001 3640 1073 3736 qudd
1096 3671 1165 3719 idem
1179 3685 1239 3719 cum
1254 3671 1320 3718 Diu·

778 3743 847 3792 11ο11.
869 3741 925 3806 (ad.
939 3739 1111 3806 Xenophont.
1127 3741 1225 3803 tiyrop.
1241 3739 1318 3798 vni,

778 3813 809 3876 8,
824 3814 855 3863 12
869 3813 911 3862 cd.
926 3809 1025 3874 Oxou.)
1045 3813 1073 3860 ct
1086 3809 1202 3858 Hrodorr.
1221 3823 1247 3872 p.
1269 3808 1315 3858 101

778 3885 804 3931 111
831 3881 971 3931 Herodoto
993 3879 1139 3929 tenendum
1167 3878 1247 3939 duxi,
1273 3877 1319 3927 ubi

776 3951 940 4002 Schaeierus
959 3949 1074 4000 aiteram
1093 3949 1256 4011 scripturam
1277 3963 1318 3997 sc·

777 4022 877 4084 quitur.
891 4035 971 4084 qrram
986 4017 1099 4069 eundem
1119 4032 1226 4081 quoque
1241 4031 1318 4081 prae-

775 4091 841 4140 bent
857 4090 964 4140 Ctesias
979 4093 1060 4151 atque
1075 4085 1246 4135 Plutarchus
1276 4085 1318 4134 Tu

776 4161 838 4210 vide
842 4175 927 4224 ,quae
941 4174 1000 4208 mox
1014 4157 1133 4207 dehuiue
1146 4155 1263 4204 nominis
1276 4170 1319 4204 rn-

776 4231 850 4277 tione
867 4245 899 4275 a
921 4233 1039 4291 potestat
1043 4243 1056 4274 c
1070 4226 1247 4287 proferemus
1285 4224 1317 4271 Iu

775 4299 865 4348 verbis
879 4297 1069 4376 sequentibus.
1089 4290 1176 4356 τριῶν
1193 4305 1317 4341 courcero

774 4357 876 4430 ἐπεξῆς
897 4364 1001 4430 γενεῶν
1021 4357 1128 4428 ἐγένετο
1150 4355 1223 4412 πλέω
1242 4353 1317 4410 κακῶ
