3038 4994
543 370 720 434 ERATO.
744 370 798 434 v1.
821 377 863 436 5⁷.
886 383 926 436 σε

1243 369 1304 438 303

177 551 287 616 Ταῦτα
307 545 370 635 μέν
388 543 508 629 ζώουσι
529 561 614 614 τοῖσι
635 550 810 632 βασιλεῦσι
834 546 967 615 δέδοται
981 547 1019 614 ίκ
1032 548 1093 614 τοῦ
1106 549 1224 615 κοινοῦ
1236 550 1352 624 ταῖν58

103 663 108 674 “
171 652 428 738 Σπαρτιητέων,
443 646 655 718 ἀποθανοῦσι
671 647 708 717 δὲ
722 647 817 718 τάδε·
847 651 961 728 ἱππέες
977 651 1254 738 περιαγγέλλουσι
1267 647 1304 718 τό

173 751 312 840 γεγονὸς
332 750 415 822 κατά
435 756 547 821 πᾶσαν
563 749 625 839 τὴν
644 749 862 840 Λακωνικὴν,
885 749 969 822 κατά
990 752 1027 820 δὲ
1047 749 1110 840 τὴν
1130 751 1230 822 πόλιν
1242 780 1304 839 γυε

174 871 287 936 ναῖκες
308 860 496 942 περιιοῦσαι
517 857 639 942 λέβητα
658 857 859 940 κροτέουσι-κ
873 852 976 924 ἐπεάν
993 846 1041 924 ὧν
1056 860 1154 923 τοῦτο
1170 857 1306 944 γένηται

120 982 171 1034 461
180 965 328 1044 τοιοῦτο,
349 956 478 1045 άνάγκη
500 960 533 1039 ἐξ
552 963 657 1044 οἰκίης
671 956 807 1046 ἑκάστης
828 960 1030 1045 ἐλευθέρους
1052 957 1114 1026 doio
1130 965 1304 1045 καταμιαί-

172 1073 311 1146 νεσθαι,
335 1058 444 1147 ἄνδρα
463 1087 498 1128 τε
518 1062 573 1128 καὶ
594 1075 755 1146 γυναῖκα·
782 1057 827 1148 μὴ
850 1061 1006 1148 ποιήσασι
1028 1061 1066 1130 δὲ
1080 1065 1177 1130 τοῦτο
1195 1067 1306 1149 ζημίαι

172 1164 313 1253 μεγάλαι
335 1166 515 1234 ἐπικέαται.
546 1163 646 1251 νόμος
667 1163 704 1231 δὲ
723 1177 808 1230 τοῖσι
822 1169 1116 1252 Λακεδαιμονίοισι
1138 1161 1221 1232 κατά
1238 1169 1306 1232 τῶν

172 1271 340 1356 βασιλέων
355 1263 432 1345 τούς
450 1265 620 1346 θανάτους
636 1267 705 1336 έστλ
721 1261 826 1346 ὡυτὸς
840 1267 896 1336 καὶ
909 1282 994 1335 τοῖσι
1009 1265 1207 1354 βαρβάροισι
1221 1281 1306 1336 τοῖσι

175 1374 212 1440 έν
226 1376 265 1460 τῇ
276 1367 385 1458 Ἀσίη·
413 1374 482 1437 τῶν
500 1369 564 1458 γάρ
587 1361 635 1438 τάν
653 1368 836 1458 βαρβάρων
849 1373 884 1438 οἱ
894 1375 1035 1448 πλεῦνες
1049 1366 1200 1468 τῷαύτῷ
1215 1370 1305 1462 νόμςα

326 1635 329 1642 “
350 1621 416 1672 One.
436 1623 537 1674 LVIII.

221 1737 317 1790 Ταῦτα
338 1734 389 1806 μὲν
415 1733 516 1801 ζοέουσι
538 1739 612 1790 τοῖσι
637 1737 715 1808 βασι-

173 1808 261 1874 λεῦσι]
286 1811 360 1859 τοῖσι
380 1826 441 1861 enm
463 1815 578 1861 recenti.
597 1809 656 1861 edd.
675 1826 715 1860 re·
735 1853 739 1862 .

173 1881 266 1931 etitnti
291 1882 459 1930 anctoritate
484 1881 614 1932 librorum
638 1885 716 1932 vetu-

172 1954 284 2002 etornm.
320 1951 386 2000 Cum
406 1947 502 2002 iisdem
518 1953 632 1999 reeentt.
651 1949 712 2002 edd.

172 2019 283 2070 exhibui
295 2012 396 2076 ζώουσι
408 2035 458 2084 pro
469 2019 543 2084 vulg.
557 2015 629 2082 ζῶσι,
643 2019 713 2084 qnod

172 2091 201 2139 in
214 2087 354 2139 Herodoto
371 2089 436 2138 ferri
453 2104 508 2140 non
530 2103 610 2154 posse
625 2093 714 2138 osten·

172 2159 214 2208 dit
227 2157 343 2208 Bredov.
362 2174 424 2224 pag.
441 2159 498 2210 170.
530 2157 573 2208 Ad
586 2173 667 2208 voeee
684 2149 714 2205 ἐκ

171 2228 225 2276 τοῦ
244 2223 346 2275 κοινοῦ
363 2228 434 2278 coni.
456 2232 525 2278 nott.
546 2227 580 2277 nd
594 2227 634 2290 V,
654 2227 714 2278 109.

170 2324 205 2332 —-
222 2294 310 2345 ταῦτα
326 2295 373 2346 bic
394 2297 430 2347 ed
448 2297 638 2348 antecedentia
656 2311 716 2362 per-

168 2369 257 2428 tinet,
269 2360 337 2414 roide
349 2367 383 2418 ed
396 2367 554 2434 sequentia,
570 2372 600 2416 nt
611 2367 659 2429 vl,
669 2365 712 2416 53.

207 2463 309 2536 λέβητα
321 2468 479 2536 κροτέουσι]
505 2469 590 2520 Codd.
605 2469 714 2534 qnidam

167 2537 303 2604 λέβητας;
323 2555 375 2605 qno
386 2543 478 2590 temen
489 2540 536 2590 vix
546 2555 622 2603 opue.
641 2541 715 2589 Eon-

168 2611 233 2660 dem
253 2625 353 2659 rnorem
370 2609 399 2659 in
416 2625 480 2674 rege
493 2610 631 2660 Laconico
647 2624 715 2658 mor·

166 2685 220 2730 tuo
240 2679 333 2743 attigit
348 2678 439 2731 Schol.
454 2678 591 2730 'I'beoorIt
609 2679 653 2738 11,
671 2679 715 2728 36.

164 2749 212 2800 Ad
225 2753 389 2798 etrnctnrnm
400 2749 561 2808 aeoneetIvi,
573 2750 618 2812 qni
629 2748 713 2800 verbo

164 2811 320 2880 κροτέουσι
345 2816 479 2882 (pulsant)
504 2818 633 2878 additur,
655 2817 711 2868 vid.

162 2886 301 2940 Knebner
312 2887 358 2937 Gr.
374 2887 419 2939 Gr.
435 2889 459 2948 ξ.
473 2887 537 2948 552,
551 2889 574 2936 7.
605 2889 658 2937 Pro
673 2886 714 2950 γί-

162 2971 271 3021 νηται,
287 2955 357 3020 qnod
369 2955 477 3008 Sebeei.
496 2963 523 3006 et
535 2955 635 3008 Matth.
650 2957 716 3007 reti-

159 3033 251 3088 nent,
268 3025 394 3090 qnodque
405 3031 497 3076 tuetur
515 3026 558 3075 vir
575 3025 672 3077 doctus
685 3028 714 3075 in

157 3094 358 3162 Ephemeridd.
370 3095 496 3144 denenee.
511 3094 587 3145 1817.
601 3111 642 3146 nr.
655 3096 712 3148 liii.

158 3183 231 3234 pag.
243 3164 304 3227 375,
319 3179 368 3228 ego
378 3179 438 3214 com
448 3169 563 3216 recentt.
577 3165 637 3214 edd.
652 3165 715 3214 dedi

765 1571 838 1636 ,‚(ltn
850 1569 950 1636 pergit)
968 1569 1027 1620 eive
1039 1571 1205 1632 commercari
1221 1570 1305 1633 nigni-

764 1641 866 1703 ‚‚tiont‚
887 1646 918 1690 ut
938 1639 1024 1703 solet,
1043 1641 1100 1689 eive
1117 1639 1200 1704 paulo
1214 1641 1305 1689 nerine

764 1715 827 1774 „eet
840 1724 921 1775 quom
934 1709 1111 1772 μιαίνεσθαι,
1120 1711 1201 1771 pollui
1212 1709 1306 1772 pinen-

764 1779 810 1843 „lo
823 1779 959 1844 quolibet,
977 1794 1031 1829 non
1044 1784 1087 1830 eet
1096 1778 1206 1828 honorio
1220 1792 1305 1842 genno

763 1849 872 1914 „magis
886 1847 1015 1900 stolidum
1030 1853 1057 1898 et
1071 1848 1106 1898 eb
1119 1852 1218 1898 nature
1230 1849 1313 1912 inge.

765 1920 825 1981 „nii
839 1918 950 1967 bnmnni
968 1922 996 1966 et
1008 1917 1172 1968 Graecorum
1186 1918 1306 1968 moribus
1340 1968 1342 1972 ,

765 1988 872 2052 „magio
886 1985 1006 2036 alienum
1024 1992 1052 2038 et
1070 1987 1228 2038 abborrene.
1257 1989 1306 2036 So·

766 2057 822 2119 „tie
841 2070 902 2106 enee
919 2055 1064 2106 videbatur
1082 2057 1110 2104 in
1124 2056 1204 2112 domo
1216 2060 1243 2105 et
1262 2071 1307 2104 nr·

763 2125 818 2186 „be
828 2125 938 2175 inneete
950 2125 1061 2189 pinculi,
1074 2127 1167 2174 utnon
1179 2124 1251 2174 ultro
1264 2140 1306 2176 ee·

766 2209 816 2258 „ee
827 2195 904 2244 cives
913 2195 1026 2256 poliuere
1037 2192 1173 2244 voluerint
1185 2193 1266 2258 idquo
1277 2195 1306 2242 in

764 2263 907 2328 „defuncti
924 2264 995 2328 regie
1012 2261 1172 2314 bonorem.“
1205 2263 1306 2326 ltaque

764 2334 792 2382 in
817 2333 957 2384 Herodoto
986 2330 1041 2396 legi
1058 2331 1118 2382 vult
1136 2327 1305 2393 κατατάμνο-

765 2401 845 2465 odat,
858 2401 930 2466 quod
942 2401 1012 2452 idem
1026 2401 1138 2452 verbnm
1152 2403 1179 2450 in
1190 2400 1306 2450 Lucinni

764 2471 953 2522 Anncbereide
969 2474 993 2533 ξ.
1006 2469 1037 2521 31
1055 2470 1177 2520 obvium:
1198 2471 1306 2534 „Sper-

764 2542 845 2605 „tnni
866 2539 1048 2594 concidebant
1070 2540 1123 2588 eibi
1146 2539 1260 2590 brecbie
1278 2541 1306 2588 et

763 2611 931 2674 „eliciebant
956 2624 1078 2660 cruorem
1100 2615 1128 2660 et
1152 2610 1192 2658 elo
1215 2623 1306 2673 regern

765 2685 917 2745 „mortuum
935 2679 1116 2742 honorabant,
1129 2684 1160 2728 ut
1172 2677 1244 2728 Gelli
1255 2679 1307 2742 Cy-

765 2750 878 2813 „belen,
896 2748 969 2814 qnod
989 2748 1103 2800 Graecis
1125 2747 1244 2798 moribus
1264 2751 1307 2796 eet

764 2821 950 2882 „conveniens
980 2819 1146 2879 admodum,
1172 2819 1201 2866 in
1230 2815 1306 2866 luctu

764 2890 838 2953 „eibi
860 2888 996 2953 unguibus
1022 2892 1071 2938 ent
1094 2889 1165 2940 terro
1186 2887 1307 2937 incerere

764 2973 881 3023 „corpus
896 2964 946 3008 out
959 2972 1045 3022 genas
1062 2957 1196 3008 dilaniare
1210 2961 1238 3007 et
1250 2956 1308 3006 vul·

763 3029 873 3094 „tum.“
905 3028 965 3078 Hoc
985 3043 1049 3078 vero
1067 3029 1157 3092 ipsum
1175 3031 1206 3076 nt
1224 3026 1307 3076 verbo

763 3088 995 3160 κατατάμνεσθαι
1004 3097 1152 3161 significari
1162 3111 1242 3160 poene
1249 3109 1308 3145 ere-

765 3167 841 3230 dom,
862 3181 940 3216 nemo
957 3167 1103 3230 quiequam
1119 3165 1185 3214 mibi
1197 3179 1310 3229 persua-

157 3231 301 3302 γένηται,
334 3233 406 3298 qnod
431 3233 605 3284 Florentinne
631 3238 715 3298 etque
765 3236 840 3286 debit
859 3237 1020 3301 repicient'r
1034 3234 1070 3284 nd
1083 3251 1162 3286 neum
1176 3241 1205 3283 et
1224 3236 1309 3299 signi-

156 3303 310 3360 Snnoroiti
322 3301 391 3352 liber
403 3302 575 3367 suggerebat.
596 3304 628 3352 ln
639 3318 715 3368 eeqq.
763 3305 918 3356 linationem
929 3304 1309 3368 bnineverbi‚qnclemoeten-

156 3376 254 3428 verbo
269 3370 507 3434 καταμιαίνεσθαι
519 3371 548 3434 (i.
563 3387 586 3422 e.
598 3375 715 3422 eontnon'-
763 3374 832 3424 dnnt
846 3373 1011 3424 Graecorum
1029 3374 1191 3438 scriptorum
1204 3374 1258 3424 loci
1271 3373 1309 3422 el-

154 3443 244 3508 narr')
269 3443 316 3490 vix
332 3440 661 3507 aliudquidqnnmatqne
677 3444 714 3490 lu·
763 3443 815 3492 leti
830 3445 859 3492 in
871 3441 1003 3504 Tbeeeur.
1014 3442 1092 3506 Ling.
1107 3442 1204 3494 Graec.
1216 3445 1247 3492 T.
1259 3443 1307 3492 IV.

152 3526 216 3568 enee
231 3513 392 3573 indicetur,
410 3517 441 3560 ut
459 3527 526 3561 rone
542 3511 634 3560 mirari
650 3511 714 3560 enb·
764 3528 826 3576 pag.
847 3511 913 3561 1265
932 3525 990 3574 τεο.
1021 3510 1086 3576 lpse
1099 3513 1200 3564 Noster
1213 3511 1242 3576 1,
1259 3511 1308 3564 180

151 3591 216 3650 ent,
234 3584 268 3632 in
282 3597 346 3645 rege
359 3585 465 3632 mortno
480 3579 549 3630 telio
561 3579 630 3642 fieri,
644 3595 715 3644 queo
764 3582 815 3631 boc
834 3580 917 3631 verbo
937 3595 1004 3630 uene
1021 3586 1077 3644 est,
1096 3582 1143 3632 eod
1157 3582 1238 3647 pinne
1253 3582 1309 3632 alin

152 3663 187 3708 in
201 3655 384 3720 privatorum
396 3649 471 3700 lnctu
485 3665 595 3716 prorsus
610 3650 715 3700 indicte
763 3649 967 3715 significatione
983 3665 1069 3714 ecque
1087 3653 1203 3702 maxime
1222 3651 1310 3700 ‹liver-

151 3727 257 3778 erant.
278 3721 353 3770 Bone
365 3720 401 3770 ed
412 3719 440 3768 h.
452 3720 469 3768 1.
481 3719 714 3784 Schweighnene.:
764 3735 806 3770 ee.
845 3721 942 3784 ltaque
968 3719 996 3768 in
1022 3721 1135 3785 vulgata
1162 3717 1309 3784 καταμιαί-

152 3795 271 3862 „Notn
288 3789 471 3840 Romanorum
489 3789 620 3840 formula:
649 3792 715 3840 λιιελιι
764 3787 867 3838 vendor
890 3789 937 3854 (de
956 3805 1009 3853 quo
1028 3791 1260 3842 verbocl.'l'bee.
1276 3791 1309 3840 L.

151 3863 305 3932 squalere,
325 3860 350 3908 in
370 3861 436 3910 lucto
461 3868 486 3908 et
507 3861 626 3924 squalore
649 3875 714 3910 eece.
767 3859 813 3909 Gr.
827 3859 875 3911 1v.
891 3873 953 3923 μσς.
974 3859 1049 3924 1145)
1064 3860 1240 3924 acquiescere
1253 3859 1311 3924 pla-

150 3928 433 3989 Nesoioeneodem
452 3929 607 3992 pertineant
629 3919 715 3989 οίμι-
767 3930 834 3978 enit.
868 3927 1308 3996 Inecqq.deditinottiovp1·o

150 3995 270 4068 ασμολ,
288 3997 387 4062 quibus
401 3998 430 4048 in
448 3999 615 4062 privatorum
630 3996 717 4046 horni-
767 3990 910 4064 βασιλήων
929 4003 957 4047 et
971 3995 1009 4062 τῷ
1024 3990 1102 4064 αὐτῷ
1121 4015 1135 4048 e
1151 3999 1309 4048 Florentino

150 4088 227 4126 num
253 4066 335 4118 obitn
356 4069 495 4118 obstinere
517 4067 661 4132 Spartani,
684 4082 717 4116 ex
767 4067 883 4132 eliieqne
894 4082 942 4132 pro
953 4059 1060 4133 τιοάτῷ,
1076 4069 1148 4132 qnod
1159 4067 1310 4127 Schceler„

149 4135 295 4210 Lycurgi
304 4135 419 4201 legibue,
431 4136 590 4198 debuerunt,
601 4134 719 4186 referen-
768 4137 868 4188 Matth.
886 4143 914 4189 et
926 4137 1042 4187 Bekker.
1058 4135 1225 4188 eSencroiti
1240 4134 1311 4185 libro

151 4223 184 4267 te
209 4205 370 4262 Plutarcho
391 4207 419 4256 in
438 4208 573 4256 institnit.
595 4205 718 4256 Loconn.
768 4211 939 4272 receperunt,
953 4205 1312 4270 refragenteopinorHero-

150 4299 225 4352 pag.
243 4273 364 4326 238D.“
395 4275 480 4326 Cobet
494 4278 572 4328 Verr.
583 4275 673 4326 Lectt.
690 4291 717 4340 p.
769 4277 905 4340 detineo,
925 4290 1003 4341 qnem
1021 4275 1069 4326 nlii
1089 4275 1144 4325 loci
1163 4275 1309 4329 nBredov.

152 4353 213 4408 188
228 4343 389 4399 absurdum
403 4359 463 4396 esee
481 4346 641 4410 pronuntiat
659 4344 684 4394 b.
698 4345 718 4398 1.
769 4362 832 4412 pag.
847 4347 896 4398 1118
910 4345 989 4396 allati
1004 4345 1045 4410 (1,
1060 4345 1103 4396 36.
1123 4345 1179 4394 171.
1194 4347 1235 4408 11,
1251 4346 1310 4402 127.

149 4421 285 4477 verbum
303 4411 550 4479 καταμιαίνεσθαι.
575 4415 718 4481 „Namque
768 4415 822 4480 111,
833 4415 876 4466 97.
890 4417 937 4477 IV,
951 4413 998 4480 62)
1014 4415 1082 4468 rotie
1094 4419 1242 4470 tententur.
