3038 4994
537 354 714 416 ERATO.
738 355 790 416 VI.
814 363 934 420 63—65.
1241 355 1301 418 313

172 527 288 621 χαμάν
303 526 365 618 τήν
380 526 540 620 στρατιήν
557 532 589 612 ἐξ
607 526 809 612 Ἐλευσῖνος,
833 528 888 596 καί
904 524 946 618 δή
967 529 1023 598 καί
1043 527 1117 598 τότε
1133 524 1186 597 ἐπ’
1204 535 1300 615 Aipu-

173 636 302 722 νηπίων
329 631 407 712 τούς
433 639 639 722 μηδίσαντας
665 631 843 721 διαβάντος
871 633 1086 720 Κλεομένεος.
1124 629 1349 722 Ὁρμηθείς65

174 731 223 808 clv
241 734 468 806 ἀποτίνυσθαι
487 733 504 806 ὁ
526 737 719 826 Κλεομένης
739 743 934 805 συντίθεται
948 742 1138 824 Λευτυχίδῃ
1160 741 1207 828 τῷ
1226 745 1302 805 Ms-

174 841 293 927 νάρεος
306 843 368 908 τοῦ
378 839 506 927 Ἄγιος,
522 839 610 910 ἐόντι
623 845 730 928 οἰκίης
743 845 800 928 τής
814 835 916 927 αὐτῆς
930 839 1134 932 Δημαρήτῳ,
1152 836 1198 910 ἐπ’
1217 831 1242 932 ᾧ
1256 867 1303 924 τε,

175 940 218 1033 ήν
238 941 342 1013 αὐτὸν
362 943 550 1032 καταστήση
571 946 709 1030 βασιλέα
730 939 804 1012 άντὶ
819 942 1041 1032 Δημαρήτου,
1063 946 1180 1026 ἕψεταί
1196 948 1229 1012 ol
1248 940 1302 1011 ἐπ’

175 1046 368 1135 Αἰγινήτας.
398 1042 416 1115 ὁ
431 1047 467 1116 δὲ
482 1053 690 1134 Λευτυχίδης
711 1037 753 1134 ἦν
767 1043 886 1132 ἐχθρὸς
898 1051 945 1139 τῷ
959 1045 1149 1138 Δημαρήτῳ
1163 1044 1305 1134 μάλιστα

176 1148 322 1238 γεγονὸς
337 1146 393 1218 διά
407 1155 543 1238 πρήγμιι
562 1149 704 1218 τοιόνδε.
739 1144 971 1236 ἁρμοσαμένου
986 1155 1201 1237 Λευτυχίδεω
1215 1151 1304 1236 Πέρ·

175 1263 279 1323 τιαλον
298 1250 361 1340 τήν
374 1260 525 1334 Χίλωνος
548 1258 608 1322 τοῦ
630 1255 856 1340 Δημαρμένου
874 1255 1048 1341 θυγατέρα
1068 1249 1085 1322 ὁ
1107 1252 1306 1342 Δημάρητος

176 1354 416 1445 ἐπιβουλεύσας
432 1353 612 1444 ἀποστερεῖ
623 1360 830 1442 Λευτυχίδεα
844 1360 906 1423 τοῦ
918 1352 1041 1444 γάμου,
1059 1356 1194 1443 φθάσας
1207 1353 1307 1434 αὐτὸς

175 1457 237 1547 τήν
250 1462 426 1548 Πέρκαλον
446 1456 595 1548 ἁρπάσας
608 1461 664 1528 καί
679 1455 769 1546 σχών
783 1471 938 1545 γυναῖκα.
966 1457 1050 1527 κατὰ
1066 1464 1165 1527 τοῦτο
1185 1459 1248 1546 μὲν
1259 1463 1306 1550 τῷ

176 1568 367 1650 Λευτυχίδη
382 1557 403 1650 ἡ
419 1569 523 1652 ἔχθρη
545 1559 613 1652 ήές
627 1561 686 1631 τδν
704 1561 907 1650 Δημάρητον
923 1561 1094 1649 ἐγεγόνεε,
1119 1561 1192 1630 τότε
1213 1561 1250 1630 δὲ
1270 1564 1307 1629 εἰι

176 1667 233 1754 τῆς
246 1667 452 1754 Κλεομένεος
466 1672 657 1756 προθυμίης
671 1661 689 1735 ὃ
704 1670 910 1753 Λευτυχίδης
931 1664 1131 1753 κατόμνυται
1145 1663 1307 1754 Δημαρή-

178 1855 207 1890 ee
218 1838 307 1889 video.
345 1837 444 1890 Struve
462 1840 538 1904 Spec.
559 1841 580 1890 Ι.
598 1856 660 1906 pag.
683 1839 716 1891 35
768 1845 823 1901 tur,
839 1837 912 1902 apud
925 1837 1078 1902 Thucydid.
1093 1837 1117 1900 1,
1131 1839 1165 1890 98
1179 1841 1222 1888 est
1234 1840 1309 1900 Λεω-

178 1907 308 1976 (Ομυεοα.
319 1908 357 1959 11.
369 1923 396 1973 p.
408 1908 471 1974 302)
486 1909 540 1992 legi
549 1909 617 1971 vult,
631 1911 718 1961 erecte
767 1905 895 1972 τνχίδης.
920 1908 961 1958 De
974 1908 1034 1972 ipso
1046 1907 1214 1972 Leotychide
1231 1907 1309 1972 plura

179 1978 276 2028 vocula
293 1970 326 2026 τά
340 1979 399 2029 sive
412 1971 459 2040 τδ,
482 1975 532 2044 δια
551 1979 571 2029 i.
592 1995 615 2030 e.
637 1971 678 2044 δι’
699 1967 719 2027 δι’
768 1978 845 2029 debit
857 1976 1049 2041 Wytteubech.
1065 1992 1082 2026 a
1094 1975 1201 2029 Oreus.
1216 1976 1310 2028 laudu-

178 2052 228 2098 aut
240 2039 301 2106 διὸς
316 2063 432 2113 nemque
444 2041 493 2096 διὰ
510 2064 542 2099 eo
556 2048 635 2099 modo
646 2050 719 2098 aeci·
768 2052 813 2098 tus
825 2049 854 2096 iu
867 2045 1030 2096 Animadvv.
1044 2045 1078 2095 ad
1089 2045 1230 2097 Plutarch.
1240 2047 1309 2096 Mor.

179 2118 205 2182 pi
221 2117 295 2179 vult,
315 2132 369 2182 quo
382 2110 454 2166 κατὰ
471 2134 519 2183 pro
535 2111 606 2168 κατά
620 2110 668 2182 τά,
687 2122 718 2167 ut
768 2119 791 2178 1,
801 2117 826 2164 2.
838 2130 900 2180 pag.
914 2115 980 2165 1177
991 2115 1156 2180 seqq.—Ad
1167 2114 1310 2165 formulam

179 2201 262 2251 supra
274 2187 306 2248 V,
320 2185 363 2236 89.
377 2186 495 2250 navt,
510 2186 551 2237 53.
579 2185 658 2250 Quod
671 2189 720 2236 rni-
769 2177 850 2247 lu'pl
867 2197 897 2232 τε
912 2187 1043 2248 sequente
1059 2183 1142 2234 futuri
1159 2183 1310 2234 indicativo

178 2256 206 2306 hi
215 2255 361 2308 virdoctus
372 2255 444 2306 haud
457 2258 609 2322 persuasit:
626 2258 719 2321 itaque
769 2254 875 2335 clqlll,
888 2253 922 2304 83
936 2253 1027 2330 ibique
1039 2256 1110 2303 nott.
1286 2313 1292 2330 ρ

178 2325 306 2378 librorum
332 2330 500 2376 vetustorum
525 2327 717 2377 auctoritatem
803 2339 841 2387 ην
866 2313 971 2386 ἔχθρας
993 2315 1166 2383 -μάλιστα
1189 2335 1311 2385 ηεχονως

174 2395 303 2458 Ιδοεετετο
328 2395 417 2458 uolui,
441 2395 489 2447 aed
509 2397 610 2447 maiore
635 2396 720 2445 inter·
769 2386 818 2442 διὰ
831 2389 947 2456 πρῆγμα
961 2385 1085 2455 τοιόνδε]
1114 2392 1190 2454 Quae
1203 2391 1238 2440 ad
1251 2405 1311 2440 vcr-

179 2467 325 2529 puuctione
346 2464 414 2516 haec
434 2466 468 2516 ab
492 2466 718 2517 antecedentibus
769 2464 832 2514 bum
849 2461 888 2512 sic
902 2461 1012 2511 reddere
1029 2461 1107 2511 licet:
1137 2459 1229 2524 „Erat
1246 2461 1312 2509 Leo·

179 2534 295 2584 seiunxi.
304 2561 338 2572 -
353 2534 394 2584 Ad
407 2537 518 2587 verbum
531 2531 670 2600 διεβλήθη
682 2535 719 2586 cf.
769 2532 881 2599 tychidee
887 2532 1023 2581 Demarato
1033 2532 1151 2590 inimicus,
1158 2539 1184 2580 υτ
1191 2533 1311 2594 quiquam

173 2609 249 2654 nott.
263 2603 298 2652 ed
313 2605 347 2664 V,
361 2604 402 2655 35.
435 2605 476 2654 De
489 2619 541 2670 quo
555 2605 717 2668 Wesseliug.
768 2599 1030 2666 maeoneunimieus)
1041 2601 1191 2662 eratsactua
1201 2597 1312 2650 obduco-

179 2673 225 2721 bic
238 2672 357 2722 conferri
369 2673 429 2724 vult
438 2675 561 2739 Euripid.
575 2675 643 2726 Hec.
657 2673 718 2725 863.
771 2687 799 2722 ce
811 2687 871 2722 rem.
895 2669 966 2722 Ante
978 2685 1072 2721 vocem
1084 2665 1202 2732 μάλιστα
1212 2667 1310 2721 Valek.

180 2741 303 2805 Iphigen.
326 2743 354 2792 iu
365 2743 427 2793 Aul.
442 2744 508 2796 1372
529 2749 556 2794 et
570 2745 674 2795 Duker.
692 2746 720 2793 iu
771 2740 903 2806 praeponi
915 2736 1017 2790 vultui
1031 2756 1053 2793 e.
1068 2729 1096 2796 ἐς
1112 2734 1155 2800 τά,
1165 2743 1196 2787 ut
1205 2737 1253 2797 Vl,
1267 2737 1311 2790 63.

180 2809 462 2874 Thucyd.v111‚82.
490 2815 538 2867 Or.
554 2814 631 2863 addit
644 2813 721 2877 Wpt·
771 2810 849 2870 sul,
866 2808 1097 2872 200011.11,147.
1126 2806 1315 2887 descriptiu-

174 2879 307 2933 .teubach.
329 2880 364 2931 ad
378 2881 517 2935 Plutarch.
530 2885 598 2938 Mor.
616 2884 639 2936 1.
657 2899 719 2948 pag.
771 2881 812 2930 bri
828 2893 883 2928 non
900 2878 1039 2932 addicunt.
1056 2905 1088 2914 -
1105 2879 1147 2928 De
1161 2877 1245 2930 verbo
1263 2891 1313 2938 αρ-

180 2951 231 3002 299
245 2965 304 3015 seq.
771 2941 906 3012 μίξεσθαι
926 2948 962 2999 ei.
977 2953 1046 3000 nott.
1061 2945 1241 3012 adlll‚137.
1270 2947 1312 2998 De

771 3019 881 3069 Perculo
897 3017 933 3070 cl.
950 3019 980 3069 C.
995 3019 1028 3069 1¹⁸.
1040 3019 1187 3068 Hermann.
1202 3016 1311 3082 Antiqq.

370 3119 426 3171 cn
447 3121 521 3173 LXV
771 3090 891 3138 Lacona.
907 3103 933 3152 p.
947 3087 991 3138 95.
1023 3087 1130 3138 Profert
1147 3087 1199 3137 hoc
1216 3101 1313 3135 nomen

429 3160 435 3173 '
524 3159 529 3172 ⁸
774 3158 808 3208 ob
830 3161 961 3208 accentus
985 3158 1119 3208 rationem
1140 3155 1240 3206 Lebra:
1272 3155 1312 3206 De

223 3213 380 3287 Ὁρμηθεὶς
410 3208 451 3274 ὦν
480 3219 675 3275 ἀποτίνυσθαι
705 3215 720 3274 ὃ
773 3226 927 3278 Aristarchi
941 3226 1038 3278 studiis
1054 3241 1115 3307 pag.
1129 3227 1189 3279 274.

184 3287 360 3358 Κλεομένης]
385 3295 440 3344 i.e.
461 3297 722 3358 aninrocupieueeum
809 3287 1123 3358 φθάσας-ἁρπασας]
1142 3295 1313 3345 structuram

182 3365 301 3416 ulcs'eeis.
311 3363 451 3426 μοτποεαδ
465 3367 519 3427 ipso
532 3373 650 3427 repetere
662 3380 723 3429 pro·
774 3365 851 3416 verbi
875 3357 1003 3426 φθάνειν
1024 3365 1105 3428 attigi
1124 3364 1157 3414 ed
1178 3365 1230 3424 IV,
1252 3363 1311 3414 136.

182 3438 297 3497 pterea,
311 3448 381 3498 quae
393 3433 514 3498 proxime
528 3441 610 3485 antea
623 3435 723 3485 Noster
774 3434 852 3497 Quod
863 3448 927 3483 vero
937 3435 1102 3484 Demaratus
1116 3433 1246 3498 virginem
1262 3433 1315 3496 pri-

183 3503 325 3554 indicavit.
360 3493 554 3552 ἀποτίνυσθαι
579 3519 627 3568 μι·ο
648 3503 721 3568 vulg.
773 3520 805 3554 na
819 3504 936 3566 rapuisse
952 3519 983 3553 ac
996 3508 1052 3552 tum
1068 3519 1178 3553 uxorem
1192 3503 1314 3552 tenuisse

183 3565 397 3620 άποτίνννσθαι
408 3573 507 3638 scripsi
519 3589 578 3624 curu
589 3573 722 3623 Bredovio
774 3573 889 3634 dicitur,
908 3571 936 3621 id
956 3576 1069 3622 notantc
1088 3571 1165 3622 (1.0.
1183 3570 1313 3622 Muellero

185 3647 212 3692 ot
224 3641 383 3702 Dietschio;
403 3642 457 3690 vid.
473 3644 513 3706 V,
526 3645 558 3693 77
572 3643 637 3707 ibiq,
653 3647 722 3693 uott.
773 3645 840 3692 Dor.
861 3642 898 3692 11.
915 3657 941 3706 p.
952 3642 1002 3692 ’282
1017 3657 1071 3707 seq.
1093 3639 1281 3706 explicandum
1299 3655 1314 3690 e

217 3707 258 3777 τῷ
269 3705 419 3769 Μενάρεος
430 3707 483 3760 τοῦ
491 3702 593 3776 Ἄγιος]
619 3715 723 3763 Nomen
774 3714 913 3762 Laconum
926 3727 1010 3772 more,
1032 3727 1084 3776 quo
1097 3712 1223 3776 nuptiae,
1246 3727 1314 3776 quas

176 3768 283 3843 Ἄγιος,
297 3779 368 3846 quod
383 3795 475 3830 omues
488 3781 566 3835 codd.
584 3782 724 3846 praebent,
775 3797 893 3846 sponsae
906 3785 983 3846 pater
996 3786 1060 3832 ante
1073 3785 1255 3840 concesserat,
1270 3781 1316 3832 lie·

183 3849 315 3900 vitiosum
330 3849 438 3900 videtur
452 3851 649 3914 Weaselingio,
664 3866 724 3900 cum
775 3852 842 3900 baut
858 3855 1037 3916 perruptum.
1067 3851 1120 3914 Qui
1134 3865 1192 3900 moa
1208 3855 1315 3915 postea,

183 3919 262 3980 VIII,
276 3917 321 3970 131
334 3919 361 3968 in
372 3921 442 3970 serie
451 3919 726 3984 familiaeLcotycbi·
775 3926 806 3970 ut
818 3921 935 3983 videtur,
948 3919 1092 3971 obsolevit.
1106 3946 1138 3955 -
1150 3919 1192 3969 Ad
1204 3913 1315 3980 verbali

185 3989 237 4038 dae
248 4004 297 4052 pro
308 3979 400 4052 ἸΛχιος
413 3981 724 4055 τομοτίτλιττἩχησίλεω
775 3984 865 4053 ἔχθρη
878 3979 896 4053 ή
909 3979 936 4046 ές
954 3981 1005 4038 τὸν
1018 3980 1191 4052 Δημάρητον
1214 3987 1251 4036 cf.
1266 3988 1315 4050 lv,

185 4073 296 4119 nomeu,
312 4059 358 4122 qui
376 4057 450 4108 idem'
459 4059 655 4122 Spartanorum
670 4074 725 4107 esr-
779 4060 829 4110 152
843 4059 907 4124 ibiq.
923 4064 992 4108 nott.
1018 4059 1095 4109 lnira
1108 4059 1161 4120 VI,
1174 4055 1206 4106 73
1221 4055 1315 4106 eodem

185 4118 726 4192 monellpeolluoffiquemeundemavum
777 4127 834 4179 tere
859 4129 938 4178 rnodo
963 4119 994 4177 τό
1017 4117 1045 4184 ές
1067 4121 1118 4176 τὸν
1143 4118 1316 4188 Δημάρητον

93 4203 99 4211 ’
186 4195 282 4245 hebuit
295 4197 474 4258 Demaratus,
488 4196 624 4246 Aristonis
639 4195 725 4256 filium
776 4199 837 4261 πρῆ
854 4213 900 4261 μοι.

186 4263 258 4314 unde
269 4280 452 4330 consequeus,
468 4266 568 4316 fratres
589 4264 726 4330 patrueles
811 4280 873 4316 τοτε
894 4261 925 4316 δέ
942 4257 972 4315 ἐκ
993 4261 1043 4328 τής
1057 4256 1229 4320 Κλεομένεος
1247 4275 1316 4325 προ·

187 4333 271 4384 luiase
285 4334 479 4398 Leotychidem
494 4341 521 4385 et
536 4336 723 4387 Demaratum.
776 4333 900 4400 θνμίης]
924 4335 934 4385 1
967 4351 989 4385 e.
1010 4335 1114 4386 consilio
1134 4332 1268 4382 Cleomenis
1292 4347 1315 4383 s.

189 4401 242 4466 Qui
251 4399 426 4466 Λευτυχίδης
442 4403 477 4454 ab
488 4404 627 4456 Herodoto
644 4420 726 4456 voca·
774 4408 930 4467 sollicitante,
941 4403 1190 4456 instanteilleomene.
1206 4401 1317 4455 Adver-
