3038 4994
589 363 768 425 ERA'PO.
793 362 847 425 VI.
870 373 915 430 57.

1257 369 1317 432 301

187 535 330 606 ἱκνέεται
347 539 452 623 ἔχειν,
476 530 520 624 ἢν
539 536 586 626 μή
600 562 663 626 περ
683 533 822 626 ὁπατήρ
841 535 948 626 αὐτὴν
967 537 1131 628 ἐγγυήσῃ·
1159 542 1216 609 καὶ
1229 537 1320 610 ὁδῶν

187 642 375 727 δημοσιέων
389 642 480 727 πέρι·
508 642 564 709 καὶ
578 637 622 728 ἦν
635 666 684 720 τις
696 638 800 710 θετὸν
813 647 918 710 παῖδα
932 646 1107 712 ποιέεσθαι
1122 646 1223 733 έδέλρ
1231 697 1240 731 ,
1255 652 1317 732 βα-

184 745 307 811 σιλέοιν
325 745 479 812 ἐναντίον
493 746 677 814 ποιέεσθαι.
706 745 761 812 καὶ
775 753 927 834 παρίζειν
940 745 1143 832 βουλεύουσι
1162 762 1247 817 τοῖσι
1262 751 1316 835 γέ-

186 867 301 935 ρουσι,
323 849 415 915 ἐοῦσι
436 851 530 916 δυῶν
548 850 663 916 δέουσι
675 847 870 936 τριήκοντα·
900 843 943 936 ἦν
958 849 995 918 δέ
1012 847 1057 938 μὴ
1075 857 1219 938 ἔλθωσι,
1242 852 1320 932 τοὺς

186 1079 388 1129 matrimonium
397 1078 490 1130 vocari
502 1080 668 1144 invenimus,
680 1081 728 1146 qui

186 1152 351 1213 cognatione
368 1148 442 1199 hunc
462 1151 585 1214 proxime
609 1151 728 1214 attinge·

185 1225 243 1268 ret:
264 1233 387 1283 quaeres
398 1220 493 1284 quanti
505 1219 588 1270 inerit
599 1221 728 1270 momenti

186 1288 222 1338 ad
239 1287 406 1352 singularum
428 1288 592 1339 familiarum
611 1289 727 1354 indeque

187 1359 272 1409 etism
292 1358 376 1408 totius
393 1359 519 1409 civitatis
538 1359 727 1424 integritatem

185 1427 410 1491 conservandam,
423 1427 503 1477 t'acile
513 1431 678 1493 perspicitur
687 1429 727 1478 in-

186 1496 274 1560 deque
285 1497 367 1546 etiem
378 1497 550 1561 intelligitur,
561 1512 609 1547 cur
618 1504 726 1549 contro-

185 1567 308 1628 versiae,
323 1566 347 1614 si
363 1580 433 1630 quae
446 1567 479 1617 de
489 1566 530 1616 his
543 1568 613 1618 iuter
626 1583 726 1632 cogna-

187 1639 230 1684 tos
252 1641 329 1684 ortae
351 1640 456 1698 essent,
480 1637 515 1686 ab
531 1637 599 1700 ipsis
617 1639 725 1702 regibus

186 1703 385 1754 dirimerentur.
418 1704 480 1756 Vid.
501 1706 531 1756 O.
551 1706 583 1756 Ο.
602 1707 724 1757 Mueller.

143 1821 149 1834 ‚
185 1772 203 1822 l.
219 1773 236 1822 l.
255 1774 292 1824 11.
305 1789 331 1838 p.
347 1773 405 1833 198,
423 1773 453 1824 C.
466 1775 498 1826 F.
510 1775 665 1826 Hermann:
683 1777 729 1826 De·

185 1843 277 1894 oensis
295 1844 398 1894 turbat.
417 1843 489 1908 apud
506 1845 624 1896 Lacedd.
647 1861 725 1910 agro-

185 1927 244 1962 rum
262 1913 442 1977 aequalitatis
459 1929 521 1978 pag.
541 1915 573 1964 41
600 1915 723 1980 (Antiqq.

186 1983 306 2032 Laconn.
326 1999 352 2047 p.
375 1983 425 2034 19²
442 1981 512 2046 seq)
536 1982 597 2033 coll.
618 1983 725 2032 Griecli.

186 2050 389 2102 Staatsalterth.
394 2053 419 2114 5.
430 2051 476 2100 121
486 2052 726 2102 etPrivatsltorm.

186 2123 210 2180 ξ
218 2119 261 2174 63
270 2125 327 2174 not.
336 2123 461 2184 ltleeqq,
469 2121 638 2172 Lachmann:
648 2122 728 2186 Spar-

187 2197 243 2241 tan.
269 2189 479 2240 Staatsverlass.
507 2207 533 2254 p.
536 2185 617 2243 176.
655 2192 726 2241 Hinc

186 2260 270 2308 verbe
285 2249 357 2315 ές
329 2274 380 2308 τον
400 2252 522 2306 ἱκνέεται
535 2252 609 2322 ἔχειν
620 2259 726 2311 valent.

185 2332 279 2378 caluam
288 2332 417 2379 conueniat
428 2331 496 2378 illam
504 2329 651 2379 tuberes·
641 2346 667 2378 ιιι
676 2346 728 2379 νιο-

186 2401 322 2449 triennalem
342 2399 449 2448 ducere:
474 2398 639 2462 vid.11,35
660 2399 727 2464 ibiq.

186 2471 256 2518 nott.
270 2467 317 2545 VI,
329 2468 373 2520 65.

220 2525 258 2600 ἢν
270 2529 309 2599 μή
322 2549 374 2600 περ
388 2528 403 2585 ὁ
418 2527 510 2600 πατὴρ
527 2524 620 2616 αυτὴν
629 2525 727 2616 ἐγγυή-

188 2603 233 2686 cp]
249 2605 281 2654 In
293 2621 347 2656 uno
359 2605 420 2688 cpd.
433 2609 537 2655 exstat:
557 2593 595 2669 ἢν
606 2598 623 2670 ἡ
634 2600 725 2669 μήτηρ

185 2689 229 2738 qo
242 2667 335 2740 πατὴρ
348 2667 437 2738 αὐτὴν
448 2667 513 2739 ἔγρῃ,
525 2673 606 2740 idque
616 2681 726 2726 secutus

186 2749 228 2796 est
241 2743 329 2794 Valla.
358 2746 536 2809 Nequaquam
550 2751 641 2808 recte,
655 2760 725 2806 cum,

185 2819 216 2864 nt
239 2813 309 2864 bene
332 2819 492 2864 monuerunt
513 2814 674 2879 Wasseling.
698 2820 726 2864 et

186 2881 333 2947 Valcken.,
358 2883 452 2932 matris
471 2883 545 2932 nulla
566 2886 726 2947 auctoritas,

186 2951 288 3002 nullum
305 2956 348 3002 ius
366 2953 393 3000 in
413 2951 527 3002 filiarum
541 2953 724 3018 sponsalibus.

185 3021 309 3072 Afferunt
319 3021 503 3086 Euripidem,
496 3038 524 3071 ιιι
535 3024 612 3073 cuius
623 3023 727 3073 Andro-

185 3090 264 3142 meda
275 3106 317 3142 vs.
323 3091 374 3143 987
385 3091 531 3141 Hermione
543 3091 709 3170 Spartana'
688 3107 727 3169 sic

186 3161 336 3224 eloquitur:
353 3173 572 3278 νυμφευματριν
591 3154 644 3225 γὰρ
669 3158 727 3209 ταῖν

185 3220 261 3309 έμῶν
287 3221 381 3310 πατὴρ
409 3223 473 3292 iude
501 3227 640 3309 μέριμναν
670 3222 725 3290 ἕξει

185 3289 256 3348 κούκ
275 3288 343 3363 έμὸν
360 3296 469 3362 κρινειν
484 3293 557 3348 τοδε.
591 3299 624 3348 In
639 3299 725 3348 Hero-

187 3369 245 3418 doti
258 3369 350 3419 verbis
361 3367 459 3418 vocula
470 3381 522 3430 περ
538 3367 607 3417 mele
617 3383 724 3432 quoqne

185 3439 264 3488 abest
276 3454 293 3488 a
303 3437 442 3488 Sancroiti
454 3437 536 3487 ΙΙΙιιοι
556 3439 683 3500 exposuit
692 3437 725 3488 dc

185 3508 264 3558 hulcus
283 3507 399 3558 voculae
420 3507 449 3558 vi
466 3513 494 3556 et
513 3521 564 3556 usu
583 3506 723 3570 Hertung:

185 3577 310 3628 Lehred.
329 3576 431 3642 griech.
444 3576 549 3626 Partik.
565 3577 588 3624 1.
604 3592 629 3640 p.
647 3575 707 3626 343.

219 3641 267 3695 καὶ
278 3637 356 3695 ὁδοῖν
368 3639 527 3710 δημοσιέων
544 3639 619 3710 πέρι]
640 3645 727 3696 Muel-

184 3714 234 3766 leri
247 3717 410 3767 sententiam
421 3716 455 3766 de
469 3715 511 3766 his
521 3731 605 3779 snpra
619 3715 672 3764 iam
683 3719 725 3764 at-

185 3784 312 3844 tulimus3
326 3785 463 3852 approbat
473 3801 531 3836 eam
544 3784 670 3836 Gabriel.
685 3786 725 3835 De

186 3856 307 3919 magistr.
321 3855 537 3908 Lacedaemone.
550 3869 613 3920 pag.
626 3855 650 3904 7.
683 3853 726 3904 Ad

185 3939 271 3974 rernm
281 3925 438 3975 militarium
447 3941 540 3975 curam
550 3923 659 3990 regibus
667 3938 726 3988 ρει-

185 3995 297 4044 missam
308 4009 402 4045 curam
414 4009 520 4060 quoque
532 3994 653 4054 viarum,
668 3993 727 4057 qui·

185 4064 236 4114 bns
258 4063 357 4114 milites
378 4068 533 4127 uterentur,
562 4063 727 4127 pertinuisse

184 4148 241 4183 una
257 4149 318 4184 cnm
336 4133 526 4184 iurisdictione
545 4132 580 4182 ad
598 4133 657 4182 vias
677 4130 726 4182 has

185 4207 330 4266 spectante
339 4203 587 4268 controversiisque
600 4203 727 4252 dirimen-

185 4272 227 4321 dis
243 4272 343 4322 statuit
358 4271 540 4324 Schoemann:
559 4271 667 4321 Griech.
681 4269 728 4320 Al-

186 4340 314 4391 tcrthiim.
326 4341 348 4390 Ι.
359 4357 385 4406 p.
397 4340 459 4404 230,
473 4357 561 4408 neque
574 4339 654 4390 aliter
670 4339 727 4390 iere

185 4409 293 4462 indicat
306 4409 417 4463 Curtius
442 4411 520 4478 (Voru
535 4409 659 4477 Wegbau
674 4413 727 4462 etc.

779 1081 818 1131 in:
829 1081 1017 1132 Denlrschrift.
1025 1080 1051 1135 d.
1059 1080 1132 1132 Berl.
1141 1079 1230 1132 assu.
1242 1080 1316 1132 1854.

778 1167 805 1215 p.
821 1150 893 1216 246).
919 1152 985 1201 Cum
998 1167 1062 1202 vero
1075 1151 1100 1200 h.
1115 1151 1133 1204 l.
1148 1166 1203 1200 non
1215 1151 1248 1200 de
1261 1151 1319 1200 via-

777 1236 836 1270 rum
852 1220 1022 1286 publicarum
1039 1224 1146 1270 cerain
1162 1223 1318 1270 universnm

778 1305 866 1340 sermo
877 1290 923 1352 eit,
936 1291 984 1340 sed
998 1295 1104 1339 tautum
1118 1291 1151 1341 de
1162 1297 1319 1340 coutrover-

778 1361 836 1422 siis,
846 1360 948 1424 siquae
958 1359 991 1408 de
1002 1359 1054 1410 viis
1063 1359 1266 1424 publicis01·tae
1277 1375 1319 1410 es-

778 1436 853 1492 sent,
866 1427 1038 1491 dirimendis,
1051 1427 1102 1478 hoc
1113 1435 1252 1492 spectasse
1262 1443 1319 1478 ere·

777 1497 838 1548 dem
848 1498 902 1560 „ad
913 1499 1035 1564 privatas
1044 1500 1232 1562 possessiones
1245 1512 1262 1546 a
1271 1513 1318 1562 pu-

775 1567 855 1617 blicis
878 1567 1061 1632 segregandae
1085 1567 1259 1631 locorumque
1282 1565 1318 1614 ad

776 1652 943 1688 communem
956 1640 1044 1686 totius
1059 1637 1153 1700 populi
1165 1651 1243 1685 neum
1256 1651 1319 1700 pro-

776 1707 939 1756 miscuorum
958 1705 1024 1756 fines
1041 1707 1193 1764 tuendos,“
1212 1711 1242 1754 ut
1258 1720 1319 1769 pro·

776 1777 885 1825 nuntiat
894 1774 924 1826 Ο.
934 1776 964 1826 F.
975 1777 1113 1826 Hermann
1124 1777 1165 1824 in:
1180 1775 1319 1824 Commen-

777 1851 828 1895 tat.
842 1844 875 1895 de
886 1845 1008 1894 terminis
1018 1844 1153 1910 (Gotting.
1165 1844 1243 1907 lese)
1254 1859 1319 1909 pag.

776 1917 810 1964 24
823 1929 878 1978 seq.
902 1914 964 1964 coll.
982 1913 1091 1965 Griech.
1109 1913 1316 1964 Staatseltertlr.

775 1982 800 2044 5.
811 1985 853 2032 24.
864 1988 921 2032 not.
935 1983 975 2031 12.
1004 1983 1072 2032 Viae
1085 1989 1176 2032 autern
1192 1983 1318 2046 publicae

776 2053 873 2116 quanti
891 2052 1019 2100 momenti
1039 2051 1141 2100 fuerint
1156 2054 1183 2101 in
1199 2054 1318 2102 Graeco·

776 2135 835 2169 rnm
850 2120 943 2182 rebus,
965 2121 1034 2170 satis
1053 2119 1146 2170 docuit
1165 2121 1237 2170 idem
1251 2119 1318 2170 Cur-

778 2190 831 2238 tius
847 2191 869 2240 Ι.
891 2189 908 2238 l.
926 2204 990 2252 pag.
1006 2190 1056 2237 227
1076 2205 1151 2254 seqq.
1172 2189 1223 2239 243
1238 2203 1314 2254 seqq.

778 2259 914 2324 Quidquid
929 2259 1013 2324 igitur
1031 2257 1064 2307 de
1083 2258 1125 2306 hie
1140 2259 1255 2319 statuis,
1274 2274 1317 2307 re-

777 2329 923 2378 iioiendnm
933 2333 1007 2378 certe
1010 2327 1116 2391 ,qnod'
1109 2343 1137 2376 ιιι
1146 2334 1260 2378 mentem
1270 2343 1317 2378 ve-

777 2398 982 2462 nitNabe1·o(in
992 2397 1160 2460 Mnemosyn.
1169 2397 1217 2446 1v.
1224 2413 1250 2474 p.
1261 2397 1317 2461 25),

778 2469 826 2532 qni
843 2468 871 2516 iu
890 2466 941 2516 hoc
953 2466 1086 2516 Herodoti
1105 2467 1164 2516 loco
1177 2483 1226 2532 pro
1239 2457 1317 2515 ὁδόν

776 2552 871 2601 repom
864 2536 942 2586 vult
953 2533 1135 2600 προσοδων.
1158 2537 1215 2587 Νεο
1229 2536 1317 2600 magis

777 2607 881 2670 placet,
898 2606 969 2670 qnod
981 2606 1052 2654 idem
1065 2605 1107 2654 vir
1122 2605 1218 2656 doetus
1238 2604 1316 2670 (ibid.

777 2675 829 2725 ΙΙΙ.
843 2691 869 2739 p.
881 2675 943 2737 480)
956 2677 1094 2752 proponit,
1108 2676 1135 2724 in
1148 2675 1239 2726 verbis
1254 2673 1317 2723 snb-

776 2733 1318 2894 titillasset.titt?tili

776 2875 880 2944 θετὸν,
904 2897 974 2947 quae
992 2883 1021 2930 in
1039 2881 1164 2934 omnibus
1182 2885 1317 2947 reperitur

776 2952 854 3003 codd.
874 2957 979 3002 etcum
1003 2951 1033 3000 vi
1051 2951 1169 3016 quadam
1191 2952 1316 3002 consulto

777 3022 874 3072 addita
895 3021 1013 3072 videtur.
1058 3021 1124 3085 Ipsa
1150 3037 1209 3084 res,
1234 3036 1317 3086 quam

775 3095 967 3142 commemorat
977 3090 1142 3154 Herodotus,
1155 3091 1189 3140 ad
1200 3089 1318 3139 semilia-

777 3177 835 3212 rnm
848 3162 1033 3225 integritatem
1047 3160 1207 3210 servandam
1221 3156 1317 3224 procul

777 3231 858 3280 dubio
882 3229 1014 3294 pertinuit
1031 3229 1149 3294 indeque
1166 3230 1250 3280 etiam
1272 3243 1317 3278 su-

775 3301 898 3364 spicatur
917 3298 1087 3348 Schoemann
1111 3296 1165 3362 (De
1185 3299 1316 3349 Homoeis

775 3383 836 3434 pag.
851 3366 904 3430 17),
919 3367 963 3416 vel
973 3381 1019 3416 eas
1033 3367 1205 3431 adoptiones,
1218 3369 1317 3434 quibus

775 3436 914 3488 motlraces
928 3437 974 3500 qui
986 3435 1112 3486 dicuntur
1127 3435 1156 3501 (i.
1171 3453 1195 3490 e.
1211 3443 1316 3503 epatre

775 3508 914 3571 Spartano
927 3511 955 3556 et
974 3510 1060 3556 matre
1076 3506 1177 3556 ancilla
1195 3507 1266 3570 nati)
1287 3508 1317 3556 in

775 3577 916 3625 civitatem
933 3575 1036 3640 recepti
1051 3577 1122 3638 sint,
1146 3577 1254 3641 publiea
1269 3591 1316 3626 au-

775 3645 904 3696 ctoritate
917 3660 1008 3696 coram
1021 3645 1131 3722 regibus
1145 3661 1204 3696 esse
1215 3646 1315 3696 lactas.

823 3712 949 3776 παρίζειν
979 3707 1146 3782 pantaucum
1175 3717 1249 3764 τοισι
1276 3708 1317 3778 νέ-

777 3779 897 3847 ρουσι]’
890 3799 909 3832 ι.
929 3800 952 3835 e.
978 3785 1090 3834 assident
1109 3801 1192 3834 senum
1213 3786 1316 3836 coneilio

776 3855 809 3903 rie
831 3852 906 3902 redsa
925 3853 1031 3916 publicis
1051 3854 1208 3905 deliberanti.
1246 3855 1316 3904 Nam

776 3914 922 3987 βουλεύειν
934 3939 1024 3974 eornm
1039 3929 1096 3986 est,
1118 3925 1163 3989 qui
1175 3923 1210 3974 ad
1226 3924 1316 3974 conci-

776 3991 842 4042 lium
857 3991 957 4042 illud'
935 4009 993 4044 arvo
1006 3987 1126 4074 βουλὴν,
1139 3992 1316 4057 cnipublica-

777 4077 835 4112 rnm
853 4077 941 4114 rerum
954 4077 1021 4113 cura
1034 4063 1166 4128 permissa
1181 4067 1236 4120 est,
1255 4077 1316 4125 per·

777 4132 878 4194 tinent;
906 4133 977 4182 unde
999 4147 1053 4182 uon
1074 4133 1185 4194 mirum,
1211 4127 1316 4197 βουλῆς

778 4203 885 4252 nomine
904 4203 932 4252 in
955 4201 1117 4253 civitatibus
1134 4199 1226 4251 liberis
1244 4215 1316 4250 snm·

777 4287 821 4322 mo
836 4270 896 4322 loco
910 4272 1102 4332 coustitutum,
1119 4269 1316 4335 Spartanorum

779 4357 885 4406 qnoque
908 4340 975 4392 illud
995 4339 1154 4403 concilium,
1181 4340 1253 4406 quod
1272 4355 1316 4406 γε·

778 4409 895 4476 pavetur
908 4408 1092 4478 appellatione
1109 4409 1191 4477 vulgo
1211 4416 1253 4464 est
1268 4427 1317 4466 no-
