3062 4976
203 360 264 422 374
640 355 906 416 HERODOTI

204 531 355 613 δέονται,
376 535 472 615 σφίσι
489 534 675 617 βοηθῆσαι,
697 530 753 598 καὶ
768 527 812 618 μὴ
827 534 992 616 περιϊδεῖν
1006 529 1104 599 πόλιν
1118 525 1338 618 ἀρχαιοτάτην

205 638 245 724 ἐν
255 649 341 703 τοῖσι
348 628 484 720 Ἕλλησι
498 633 689 721 δουλοσύνῃ
703 640 950 718 περιπεσοῦσαν
965 636 1046 722 πρὸς
1059 631 1194 720 ἀνδρῶν
1208 632 1336 722 βαρβά-

205 765 285 825 ρων.
318 733 451 822 καὶγὰρ
466 733 613 824 Ἐρέτριά
627 763 662 805 τε
676 741 741 806 νῦν
754 734 1034 824 ἠνδραπόδισται,
1049 740 1104 806 καὶ
1119 738 1197 807 πόλι
1212 746 1337 830 λογίμῳ

205 838 226 931 ἡ
243 837 357 919 Ἑλλάς
378 841 494 926 γε’μσνε
515 838 751 928 ἀσθενεστέρη.
787 835 822 908 ‘0
844 839 906 927 pto
926 840 968 927 δή
981 864 1042 928 σφι
1062 839 1102 910 τά
1117 844 1338 930 ἐντεταλμένα

206 942 404 1033 ἀπήγγειλε·
428 958 513 1012 τοῖσι
533 943 569 1012 δὲ
591 946 669 1012 ἕαδε
682 944 745 1030 μὲν
766 944 926 1031 βοηθέειν
945 939 1168 1032 Ἀθηναίοισι,
1189 943 1340 1014 ἀδύνατα

207 1051 248 1118 δέ
259 1067 319 1135 σφι
334 1038 429 1136 ἦντὸ
448 1054 637 1131 παραυτίκα
655 1050 783 1116 ποιέειν
796 1051 919 1131 ταῦτα,
943 1044 984 1114 οὐ
996 1049 1228 1136 βουλομένοισι
1244 1048 1338 1116 λύειν

205 1149 265 1220 τὸν
277 1149 392 1238 νόμον.
416 1141 459 1239 ἦν
473 1147 537 1239 γάρ
554 1153 734 1238 ἱσταμένου
748 1154 807 1219 τοῦ
822 1146 925 1238 μηνὸς
941 1150 1070 1238 εἰνάτη·
1096 1151 1209 1240 εἰνάτη
1225 1152 1261 1220 δὲ
1276 1149 1338 1219 οὐκ

207 1351 280 1404 coni.
295 1353 348 1411 lv,
367 1349 415 1401 153
433 1351 525 1416 ibique
538 1355 608 1404 nott.
618 1375 653 1386 -
669 1349 749 1413 Quod
799 1350 919 1402 taeensis
932 1353 1088 1401 memorium
1101 1351 1146 1401 die
1161 1351 1225 1400 xlv
1238 1351 1340 1401 mensis

207 1422 242 1474 ad
258 1426 445 1486 argumentum
464 1421 577 1481 attinet,
597 1421 686 1471 minus
705 1436 749 1470 ac·
799 1421 1038 1472 Maemacterionis
1051 1425 1175 1486 peracta,
1197 1422 1338 1484 cumipse

207 1497 302 1542 curate
315 1489 348 1540 de
364 1491 412 1552 iis,
434 1505 504 1555 quae
515 1491 551 1540 sd
565 1489 749 1540 Lacedaemo·
799 1505 891 1556 pugna
901 1491 1045 1541 commissa
1057 1491 1093 1540 sit
1106 1495 1204 1554 quarto
1216 1489 1260 1538 die
1271 1491 1339 1540 Βοὲ-

208 1562 314 1610 niorum
330 1575 407 1623 opem
425 1565 565 1624 spectant.
586 1559 679 1610 retulit
692 1559 749 1610 Iso·
799 1561 962 1622 dromionis,
974 1565 1043 1611 teste
1053 1560 1214 1610 Plutlirist.
1226 1573 1285 1622 cap.
1294 1559 1338 1607 el.

800 1629 901 1680 Eadem
916 1631 1053 1680 sententia
1067 1630 1174 1679 Cossini
1187 1631 1264 1679 Past.
1280 1629 1338 1678 Διὶ.

800 1701 846 1751 IV.
863 1715 889 1764 p.
907 1699 966 1750 184.
996 1699 1152 1749 Herodotus
1165 1700 1251 1762 ipsum
1268 1713 1339 1748 meu-

801 1785 873 1830 sem‚
899 1770 977 1819 cuius
1003 1770 1048 1820 die
1072 1783 1143 1818 nono
1163 1767 1339 1832 Phidippides

207 1633 297 1681 crates
311 1629 340 1678 in
355 1629 488 1693 Panegyr.
506 1632 531 1692 5.
546 1630 589 1681 811.

244 1691 396 1778 serapiaca
407 1695 459 1746 τοῦ
469 1692 560 1762 μηνὸς
570 1691 685 1782 εἰνάτη]Ρ
695 1701 748 1749 Ριο

208 1759 343 1831 λσταμένη
358 1781 416 1817 rure
430 1783 500 1818 nune
514 1775 660 1830 repositum
674 1782 750 1818 ιστα-

208 1851 311 1901 μενον,
331 1835 402 1902 quod
423 1837 505 1887 etiam
523 1837 664 1888 Plutarchi
683 1838 750 1888 haee

209 1906 348 1972 tangentis
362 1909 529 1956 auctoritate
542 1906 664 1956 firmatur
673 1909 710 1958 11.
722 1923 749 1970 p.

209 1977 292 2028 8811Ἱ
312 1975 374 2026 coll.
397 1992 422 2040 p.
439 1977 519 2028 7173
541 1981 567 2026 et
583 1977 685 2028 Herod.
702 1977 749 2038 vl,

209 2047 253 2096 57.
281 2047 351 2096 Num
365 2047 434 2095 satis
451 2051 578 2109 constat,
592 2048 750 2112 incipientis

210 2115 309 2166 mensis
320 2115 378 2166 dise
388 2108 640 2178 vocarilrrepr'von
652 2108 752 2180 μηνὸς,

209 2187 251 2234 ita
263 2189 294 2233 ut
306 2199 394 2235 nonus
408 2187 510 2236 mensis
528 2186 585 2236 dies
596 2186 712 2251 intelligi
724 2186 752 2235 h.

209 2254 227 2304 l.
239 2253 345 2306 debeat.
368 2255 447 2316 Quod
457 2271 521 2306 vero
531 2255 695 2306 Plutarchus
705 2255 722 2304 l.
731 2255 749 2308 l.

210 2323 342 2374 novilunii
353 2324 484 2390 religione
496 2325 646 2390 Spartanos
659 2327 694 2376 ab
708 2339 752 2374 cs·

209 2393 395 2458 punitionibus
409 2395 518 2444 omnino
531 2395 696 2446 abstinuisse
707 2411 752 2444 ne-

210 2479 279 2529 gans
289 2463 459 2514 Herodotum
469 2465 638 2526 criminatur,
651 2481 711 2515 cum
722 2465 751 2513 in

209 2539 367 2598 perpetuam
393 2533 582 2584 Marathonian
617 2535 751 2585 victoriae

210 2602 366 2653 memoriam
380 2602 451 2652 diem
465 2608 569 2654 sextum
579 2604 753 2654 Boidromio·

211 2671 252 2720 nis
265 2673 451 2722 consecrarint
464 2671 509 2734 (de
522 2687 575 2735 qno
585 2673 678 2723 eodem
689 2673 752 2723 Plu·

210 2739 321 2790 tarchus
334 2741 362 2789 in
379 2740 541 2792 centulli.
559 2756 621 2804 pag.
639 2741 750 2804 138Δ.),

210 2813 283 2858 recte
299 2809 428 2858 observat
442 2810 653 2874 Wesseliugius‚
665 2811 752 2860 Hero·

211 2878 268 2927 doti
285 2877 377 2939 fidem,
401 2879 491 2943 utqui
509 2880 630 2943 proxime
646 2881 681 2930 ad
692 2883 751 2930 Mu-

210 2945 352 2996 rathouiac
367 2961 474 3012 pugnae
486 2953 605 2999 aetatem
616 2951 752 3014 pertinue-

210 3016 247 3065 rit
267 3017 478 3082 accuratiusque
497 3017 530 3070 de
544 3017 586 3068 his
600 3023 674 3070 certe
688 3019 751 3069 edo-

210 3088 271 3134 ctus
287 3085 387 3146 luerit,
406 3085 491 3151 pluris
505 3087 659 3138 faciendam
679 3105 749 3145 esse.

209 3155 249 3204 Ae
268 3154 311 3205 vel
335 3156 358 3206 ei
375 3155 692 3220 largiamurPlutarcho‚
713 3159 751 3208 l'e-

209 3228 279 3273 stum
289 3239 395 3290 pugnae
402 3226 592 3278 Marathonius
600 3232 677 3278 sexto
686 3229 752 3278 uos·

210 3293 358 3344 dromiouis
372 3295 416 3346 die
426 3296 539 3348 Athenis
549 3301 697 3362 quotannis
709 3297 751 3346 in-

208 3363 263 3413 isse
274 3363 546 3431 celebratum‚potuit
555 3383 630 3430 sans,
639 3373 669 3418 ut
679 3367 749 3418 idern

210 3437 301 3483 monet
319 3433 447 3495 lisseol..
469 3437 601 3487 victorine
623 3438 752 3488 memoria

209 3503 345 3552 anteverti
358 3509 385 3554 et
397 3511 474 3554 sexto
490 3505 533 3556 dic
548 3508 650 3556 eucrari
662 3505 705 3558 rel
716 3507 749 3555 ob

210 3572 340 3636 mysteria
366 3579 486 3624 extremo
514 3591 604 3626 mense
630 3576 750 3626 Boiidro-

209 3641 298 3690 mione
314 3640 447 3692 celebrari
459 3643 550 3704 solita,
565 3644 609 3696 vel
622 3645 702 3694 aliern
716 3644 750 3694 oh

209 3725 335 3768 eausam3
358 3711 450 3776 itaque
473 3711 676 3764 Bo'e'dromionis
706 3715 751 3764 die

209 3781 303 3830 ἀεσίνιο
313 3788 388 3830 remeo
401 3781 436 3831 ad
447 3782 636 3834 Marathonem
649 3799 751 3848 pugna·

208 3854 267 3900 tum
289 3864 348 3900 esse
367 3849 496 3900 credibile
515 3851 623 3904 ridetur
643 3855 751 3904 Wcsse·

207 3917 310 3983 lingio,
332 3934 392 3968 cum
410 3918 539 3984 Spartani
561 3937 631 3972 uono
651 3925 750 3974 mensis

209 3989 253 4038 die
271 3989 306 4038 ad
326 3987 389 4038 belli
408 3991 608 4042 consortionem
626 3993 748 4052 invitati,

209 4063 272 4121 post
286 4057 458 4122 plenilunium
471 4060 595 4110 coniecto
610 4061 693 4112 tridui
707 4062 750 4110 iti·

210 4143 288 4189 nere,
302 4128 393 4178 Persis
403 4127 482 4178 modo
495 4131 654 4194 profligatis,
668 4130 749 4182 Athe·

209 4211 259 4247 nas
278 4196 463 4248 adcurrerent.
494 4199 586 4262 Neque
607 4199 659 4249 hoc
677 4202 750 4251 inso-

207 4263 266 4314 lens
284 4265 384 4328 l’uissa,
408 4271 438 4316 ut
455 4267 588 4318 victoriae
605 4269 702 4319 festum
720 4271 748 4320 in

208 4331 290 4383 elium
308 4335 379 4386 diem
397 4335 482 4388 luerit
502 4338 679 4401 translatum,
701 4339 748 4389 do-

208 4405 271 4452 cent
289 4402 464 4468 Eleutherio,
488 4407 515 4458 in
536 4409 669 4460 victoriae
686 4409 748 4460 Pla-

800 1841 950 1902 Spartanos
961 1837 1094 1889 allocutus
1105 1845 1156 1896 est,
1172 1837 1279 1888 nomine
1289 1851 1338 1886 sno

801 1907 874 1958 haud
895 1907 1059 1958 declaravit:
1085 1906 1260 1971 plenilunium
1275 1923 1339 1958 vero

801 1976 919 2028 nondum
934 1977 1020 2028 fuisse
1041 1978 1124 2026 rerba
1144 1979 1287 2042 sequentia
1300 1979 1340 2024 in-

801 2047 911 2096 dicant:
937 2051 1000 2110 post
1025 2046 1202 2111 plenilunium
1222 2061 1339 2112 pugnum

801 2117 888 2180 ipsam
907 2117 1077 2166 commissam
1098 2132 1158 2166 esse
1177 2132 1262 2180 aeque
1283 2131 1339 2166 eer-

802 2192 867 2234 tum.
897 2187 994 2251 ltaque
1006 2185 1132 2248 offendit,
1150 2186 1223 2251 quod
1235 2185 1340 2236 Plutar-

802 2255 867 2305 chus
877 2255 973 2316 tribns‚
988 2271 1055 2320 quos
1066 2271 1148 2320 supra
1159 2257 1289 2314 indicavi,
1303 2254 1341 2304 lo-

801 2326 842 2375 eis
856 2325 952 2374 scribit
966 2335 1040 2376 sexto
1057 2325 1100 2374 die
1114 2328 1212 2377 mensis
1226 2327 1340 2376 Ilos'llro-

800 2397 887 2446 arionis
899 2394 988 2456 (cuins
1002 2394 1061 2444 loeo
1074 2411 1213 2460 perperam
1232 2396 1341 2459 Tlearpe-

800 2466 889 2514 liorem
902 2469 983 2514 vocat
998 2463 1126 2516 helianus
1140 2466 1172 2513 V.
1189 2466 1223 2514 H.
1242 2465 1277 2522 ll.
1293 2463 1339 2526 ⁴25)

801 2533 837 2582 ad
850 2533 1039 2583 Marathonem
1058 2550 1117 2584 essa
1132 2541 1279 2600 pugnatum
1296 2549 1342 2584 eo-

801 2602 915 2668 demque
929 2603 973 2654 die
991 2604 1120 2654 redeunte
1138 2607 1283 2669 quotannis
1303 2604 1341 2652 ie·

801 2677 872 2721 stum
888 2673 915 2721 in
931 2689 1038 2739 pugnae
1051 2676 1204 2724 memoriam
1215 2676 1250 2724 ah
1260 2671 1341 2722 ‚athe-

802 2742 942 2792 niensibus
965 2743 1148 2794 celebratum:
1178 2757 1340 2809 quamquam

801 2811 921 2876 plerique
942 2819 1052 2862 nostrae
1073 2814 1173 2864 aetatis
1193 2815 1246 2864 viri
1267 2812 1340 2862 docti

801 2897 908 2946 pugnae
921 2881 1110 2933 Marathonius
1128 2883 1197 2933 diem
1218 2883 1279 2932 inde
1295 2896 1340 2945 po·

801 2955 917 3000 suerunt
935 2961 1036 3002 semema
1054 2953 1273 3012 Βοὲδτοιοίοιιίτ,
1294 2950 1341 3015 qni

801 3035 861 3070 eum
874 3023 987 3071 uicesimo
1002 3023 1105 3084 septimo
1121 3021 1164 3071 die
1174 3020 1342 3086 Septembris

801 3091 887 3139 nostri
897 3093 1053 3148 conveniat,
1067 3092 1130 3140 anni
1141 3091 1193 3142 ello
1203 3097 1268 3140 aute
1277 3089 1340 3138 Chr.

802 3159 1165 3224 n.sive015mp.LXXiI‚3;
1184 3160 1256 3210 coni.
1268 3158 1341 3208 Clin-

801 3230 939 3279 tonPast.
948 3229 1054 3280 Hellen.
1063 3229 1114 3293 (11)
1124 3247 1149 3294 p.
1157 3231 1191 3280 ‘lli
1205 3230 1246 3279 sd.
1257 3230 1342 3278 Κειτο-

800 3315 866 3362 gen,
877 3299 1017 3349 Dunelrer:
1032 3299 1162 3348 Gesehd.
1171 3298 1286 3350 Alterth.
1295 3299 1341 3347 lv.

801 3385 827 3433 p.
843 3369 903 3421 683.
937 3369 992 3419 Sed
1007 3367 1106 3418 dudum
1125 3370 1232 3432 exstitit
1246 3367 1343 3418 Frc'ret

803 3437 895 3500 (Mem.
917 3439 950 3488 de
967 3438 1072 3488 l'Aead.
1098 3438 1124 3486 d.
1145 3439 1285 3502 lrrsoriptt.
1306 3438 1340 3485 T.

800 3507 904 3558 XVIlI.
920 3523 946 3570 p.
965 3508 1013 3557 134
1030 3507 1118 3572 seqq.)
1139 3523 1252 3572 eumque
1266 3521 1342 3556 seeu-

803 3581 846 3625 tue
866 3579 908 3626 est
927 3575 1048 3626 Larcher
1065 3579 1104 3638 (in
1125 3581 1180 3628 not.
1203 3577 1237 3626 ad
1255 3575 1280 3624 h.
1301 3575 1342 3636 l),

803 3647 850 3709 qui
862 3650 976 3710 uterque
989 3651 1067 3695 sexto
1080 3646 1283 3696 Boedromlonis
1298 3644 1341 3695 die

803 3729 919 3780 pugnarn
945 3715 1078 3765 committi
1102 3714 1223 3779 potuisse
1249 3719 1341 3776 negat,

802 3800 873 3848 qnae
894 3799 986 3834 mense
1005 3783 1183 3835 antecedente
1197 3783 1343 3847 Metageit-

803 3856 883 3904 nione
896 3854 988 3918 potius
1005 3856 1042 3903 sit
1054 3854 1213 3914 commissu,
1228 3852 1292 3902 licet
1305 3851 1344 3902 ie·

803 3929 873 3974 stum
887 3923 914 3971 in
925 3938 1034 3988 pugnae
1044 3923 1198 3973 memoriam
1211 3921 1342 3972 celebrari

803 3993 912 4042 solitum
939 3991 1081 4055 postmodo
1101 3992 1189 4042 locum
1215 3992 1342 4041 habuerit

800 4067 877 4111 sexto
897 4062 1103 4112 Bohdromionis
1132 4061 1185 4112 die.
1222 4061 1253 4110 In
1276 4075 1342 4111 ean-

800 4131 860 4180 dem
875 4132 1039 4181 sentenliam
1054 4129 1177 4195 pluribus
1189 4131 1342 4194 disputavit

800 4199 910 4250 Boeehh
933 4198 1000 4264 (vid.
1017 4199 1104 4250 indic.
1127 4198 1202 4250 lectt.
1222 4200 1340 4250 aestiva.

799 4270 945 4320 universit.
962 4269 1080 4320 Barolin.
1097 4269 1178 4328 islo,
1194 4267 1339 4318 Abhandll.

800 4340 826 4389 d.
841 4338 1119 4391 sellemitarum
1135 4338 1209 4389 1818.
1222 4353 1283 4402 pag.
1295 4339 1340 4398 llll,
1359 4363 1365 4372 ·

799 4411 852 4458 Zur
862 4405 1024 4458 Gesehichte
1034 4407 1059 4458 d.
1070 4405 1225 4473 Mondeycl.
1235 4422 1296 4472 pag.
1304 4408 1341 4458 lte
