2994 4972
482 341 846 404 TERPSICHORE.
870 343 906 403 V.
929 353 956 404 2.
974 356 1000 408 3.
1288 349 1307 410 5

168 511 397 606 ἡμερούμενος
415 517 562 603 βασιλέϊ·
602 520 706 586 ταῦτα
733 515 796 606 γάρ
824 521 860 586 oi
883 519 1056 590 ἐντέταλτο
1085 523 1121 591 ἐκ
1148 532 1306 613 Δαρείου,

169 627 322 712 Θρηΐκην
334 621 633 708 καταστρέφεσθαι.

249 731 407 814 Θρηΐκιον
422 723 458 794 δὲ
472 731 573 804 ἔθνος
586 721 744 813 μέγιστόν
758 725 826 792 ἐστι
834 775 844 810 ,
861 723 995 814 percipe
1012 721 1154 815 Ἰνδοὺς,
1170 726 1333 798 πάντων3

169 931 282 992 prester
301 923 425 976 Indicam
447 925 566 974 omnium
589 923 715 989 {requen-

168 997 292 1057 tissims,
308 1001 341 1044 ut
355 993 495 1044 Herodoto
508 999 582 1045 certe
594 995 713 1056 videtur,

166 1067 293 1131 sequitur
303 1065 446 1128 digressio,
456 1063 537 1114 solito
548 1066 585 1115 sit
595 1063 713 1115 brevior.

167 1136 248 1198 Quod
271 1135 393 1200 pluribus
417 1149 449 1182 ex
473 1135 564 1184 censis
589 1134 646 1184 tieri
666 1149 712 1198 po-

167 1206 256 1256 tuisse
283 1204 354 1254 idem
380 1204 509 1254 observet
531 1203 711 1254 Dshlmunn.:

167 1277 229 1326 sive
244 1275 315 1340 quod
325 1273 444 1323 Threcia
458 1274 603 1336 maritime,
615 1289 648 1323 ex
658 1289 710 1338 quo

166 1344 375 1396 Atheniensium
396 1343 569 1394 inditionem
586 1351 711 1407 venerat,

167 1415 268 1466 meiius
278 1416 331 1464 ism
342 1411 455 1464 Graecis
468 1413 638 1465 innotescero
649 1429 711 1464 coe-

167 1486 254 1552 perit,
279 1485 338 1534 sive
352 1483 423 1547 quod
443 1484 471 1532 in
489 1485 580 1534 medis
594 1485 712 1534 Threcia

167 1561 233 1621 post
245 1555 324 1603 Dsrii
338 1552 442 1604 demum
456 1557 579 1619 tempore
592 1555 710 1618 Odrysa-

166 1640 227 1676 rum
244 1639 356 1688 regnum
371 1624 526 1674 exstiterit:
549 1625 582 1674 de
601 1639 654 1690 quo
666 1639 710 1674 ex-

168 1708 272 1760 ponere
293 1693 339 1743 hic
358 1692 467 1758 longum
491 1693 557 1758 init,
586 1709 710 1758 praescr-

166 1767 216 1814 tim
233 1780 293 1814 cum
312 1765 413 1828 incepti
430 1763 518 1827 operis
530 1765 602 1813 rstio
614 1769 712 1828 sponte

165 1835 328 1900 scriptorem
344 1833 372 1882 in
386 1833 562 1899 sequentibus
583 1849 614 1883 eo
629 1834 711 1884 dedu-

165 1921 230 1957 cere
249 1905 396 1954 videretur.
433 1903 547 1953 Accedit
570 1903 641 1968 qnod
655 1903 711 1954 He·

164 1976 281 2026 rodctus
295 1973 449 2024 remotioris
464 1972 599 2023 Threciae
617 1978 710 2037 peries

165 2045 277 2096 minime
288 2045 347 2108 ipse
358 2042 579 2107 perlustraverat,
594 2059 644 2094 neo
655 2059 710 2093 om-

165 2115 233 2166 nino
257 2115 339 2164 nilum
362 2113 556 2163 sccuretiorem
582 2113 709 2164 notitiem

166 2186 289 2248 gentium
319 2182 354 2234 sd
384 2183 483 2232 Istrum
516 2183 708 2245 habitantium,

166 2255 282 2306 Graecis
294 2254 339 2304 vix
353 2254 510 2304 sccnrstius
526 2253 708 2318 cognitarum,

167 2325 298 2374 habuisse
312 2322 428 2374 videtur.

204 2389 335 2458 Θρηΐτην
351 2387 610 2454 καταστρέφεσθαι]
632 2390 709 2440 Haec

165 2463 253 2516 verbs
271 2479 285 2516 e
306 2463 469 2528 glossemate
491 2465 603 2525 recepta
625 2458 708 2510 deleri

165 2535 228 2586 ruit
242 2531 354 2585 biebier.
370 2533 398 2581 in
411 2531 581 2596 Mnemosyu.
595 2532 628 2583 V.
645 2544 706 2594 pug.

163 2605 215 2668 uu,
234 2605 280 2654 cui
293 2604 339 2668 qui
354 2603 536 2664 recenditur,
553 2601 599 2651 vix
618 2615 707 2665 quem-

163 2691 247 2742 quem
262 2673 320 2724 iore
333 2673 469 2723 existimo.

369 2844 434 2894 Cur.
453 2842 506 2893 ΙΙΙ.

201 2943 338 3013 Θρηΐκιον
353 2941 384 2996 di
401 2939 489 3001 ἔθνος
504 2936 633 3009 μέγιστόν
651 2932 708 2992 ἔστι

164 3037 191 3072 s.
205 3035 228 3068 τ.
243 3017 278 3084 t]
295 3017 432 3068 Threcum
446 3019 568 3080 gentem,
586 3014 709 3077 exceptis

164 3090 259 3152 indis,
290 3089 409 3138 omnium
437 3085 582 3134 maximum
609 3083 709 3134 hebuit

164 3160 337 3212 Herodotus:
369 3157 415 3222 qui
434 3155 555 3205 Threces
579 3155 604 3204 si
628 3154 709 3204 unius

165 3231 279 3294 imperio
296 3227 444 3278 concordes
458 3227 630 3290 regerentur,
653 3239 709 3272 om-

165 3303 242 3351 nium
258 3297 361 3350 iudicat
379 3313 438 3348 esse
455 3295 621 3346 firmissimos
638 3294 708 3343 invi-

167 3377 291 3436 ctosque.
328 3369 405 3432 Ques
425 3363 620 3430 proculdubio
640 3365 710 3412 Pun-

168 3442 262 3494 ssnise
289 3436 505 3488 obversnbsntur
538 3434 582 3500 (nt
609 3433 710 3484 dudum

168 3511 273 3560 monuit
294 3505 519 3570 Valckenarius),
549 3503 617 3554 hoec
642 3503 710 3554 scri-

168 3581 246 3632 benti
257 3580 286 3638 I,
303 3579 329 3631 9.
344 3581 368 3640 fi.
383 3579 413 3630 b:
433 3571 554 3643 Θρᾳκῶν
569 3570 626 3623 τῶν
640 3565 711 3623 πάν-

167 3665 223 3699 των
242 3640 359 3704 οὐδένες
380 3643 495 3701 πλείους
515 3637 569 3694 εἰσὶ
587 3640 644 3692 τοῖν
661 3635 711 3690 α’ν-

167 3711 306 3782 usurus,
319 3705 364 3766 ὅτι
378 3707 416 3780 μή
432 3711 541 3778 Keisoi,
554 3705 629 3776 πρὸς
641 3700 709 3761 ἄλλο

167 3785 255 3846 ἔθνος
271 3781 304 3838 iv
318 3779 536 3847 ἀντεξετάζοντι.
577 3783 613 3834 ut
629 3781 710 3832 eliter

167 3861 256 3912 risum
270 3856 438 3921 Thucydidi,
457 3856 504 3920 qui
517 3855 559 3915 ΙΙ,
576 3852 609 3904 ut
624 3852 710 3902 Thre-

168 3945 228 3982 cum
247 3927 345 3980 scribit
366 3939 478 3992 rsguum
496 3921 635 3975 exstitisse
654 3935 711 3971 ms·

168 4002 269 4052 ximum
289 3997 378 4048 reditu
398 3997 512 4059 aliisque
532 3993 643 4057 opibus,
662 3990 710 4042 sed

170 4060 711 4126 exercitusmnltitudiueroborequemul·

171 4147 226 4190 tum
243 4136 354 4200 Scythis
371 4135 501 4196 cessisse;
525 4133 624 4196 quibus
643 4131 710 4196 ipsis

170 4207 353 4260 concordibus
375 4204 474 4256 nulium
499 4207 605 4266 gentem
625 4217 711 4266 neque

169 4280 197 4330 iu
212 4279 339 4342 Europe,
359 4289 446 4341 neque
465 4275 492 4322 in
506 4272 573 4323 Asis
584 4273 712 4322 resistere

170 4363 251 4416 posse
276 4345 364 4397 sddit.
406 4345 482 4407 Ques
507 4357 568 4394 cum
590 4341 712 4392 Herodo-

172 4423 223 4470 teis
238 4415 380 4470 oontrsris
392 4413 477 4466 videri
493 4413 614 4480 possint,
633 4411 713 4462 odeo-

767 938 819 988 que
832 927 973 990 oppositu,
993 931 1023 976 nt
1034 928 1197 979 Valckenur.
1213 931 1306 980 existi-

766 999 836 1056 met,
859 993 929 1046 hunc
946 1011 1052 1061 quoque
1069 997 1157 1048 locum
1172 997 1305 1048 adiiciens

764 1063 828 1114 eliis
838 1065 926 1129 iisque
939 1066 1039 1128 multis,
1053 1069 1170 1133 „quibus
1182 1083 1260 1118 suum
1270 1069 1305 1118 sb

763 1131 896 1185 historice
916 1141 993 1199 petre
1014 1137 1165 1188 dissensum
1184 1139 1305 1202 (Thucy-

763 1202 851 1269 dides)
871 1203 993 1256 aemulus
1011 1222 1065 1257 non
1084 1207 1202 1258 noluerit
1222 1208 1305 1272 signi-

762 1272 914 1324 ficetum“:
948 1278 1095 1326 tenendum
1119 1282 1162 1326 est
1185 1277 1304 1327 Herodo-

762 1349 833 1393 teom
856 1343 1002 1395 Thrucinm
1023 1346 1200 1410 Thucydideo
1221 1348 1304 1397 multo

762 1413 919 1478 ampliorem
938 1417 1080 1480 magisque
1102 1422 1242 1466 extensum
1261 1432 1305 1466 co·

761 1483 844 1547 giteri
857 1484 954 1534 debere
966 1486 1000 1534 ob
1013 1501 1081 1550 eum,
1097 1501 1177 1551 quem
1190 1486 1224 1535 de
1237 1486 1304 1535 istri

761 1567 842 1602 cursu
852 1553 951 1604 Noster
961 1554 1064 1619 hebuit,
1077 1557 1241 1620 opinionem,
1253 1555 1304 1604 isl-

761 1635 818 1672 sem
832 1638 914 1686 sene,
937 1624 985 1675 sed
1005 1641 1058 1690 que
1079 1624 1180 1676 iactum
1197 1629 1253 1688 est,
1272 1629 1303 1674 ut

763 1691 908 1742 Threciam
922 1694 967 1744 ille
979 1695 1064 1746 multo
1077 1695 1207 1755 ulterius,
1221 1709 1302 1760 quum

762 1777 858 1813 revere
881 1764 947 1826 init,
975 1767 1187 1830 septentrionem
1207 1779 1302 1815 versus

762 1839 934 1897 promoveret
944 1835 1083 1902 ipsiusque
1094 1835 1223 1901 Scythias
1237 1849 1304 1900 qne-

762 1903 867 1951 drutsm
880 1904 932 1954 sibi
943 1905 1055 1969 tingeret
1065 1906 1191 1961 formum,
1205 1904 1238 1953 de
1250 1917 1304 1969 qus

761 1972 879 2022 diximus
894 1973 928 2023 ed
941 1975 989 2036 tv,
1007 1974 1048 2028 99.
1078 1975 1119 2028 Oi.
1136 1974 1301 2024 Duhlmsun.
1391 2033 1395 2042 Ι

759 2040 778 2092 Ι.
790 2041 807 2090 Ι.
825 2057 889 2108 psg.
900 2043 943 2094 88.
965 2049 993 2094 et
1008 2046 1063 2096 vid.
1078 2044 1213 2096 Niebuhr:
1235 2043 1301 2094 Ver-

760 2111 874 2162 miscbte
887 2113 998 2164 Schriit.
1015 2130 1077 2180 pag.
1093 2115 1150 2166 157.
1165 2112 1225 2166 359.
1252 2113 1302 2162 At-

760 2195 812 2244 que
830 2181 997 2233 occidsntem
1016 2200 1112 2234 versus
1127 2199 1235 2249 quoque
1248 2183 1302 2234 No·

760 2255 816 2299 ster
829 2249 902 2300 bend
920 2253 978 2301 scio
997 2253 1188 2304 snThrsciem
1207 2257 1301 2303 exten·

760 2333 819 2368 sum
841 2323 1005 2384 cogituverit
1029 2337 1114 2388 nsque
1134 2323 1170 2372 sd
1190 2323 1301 2386 Illyrius

761 2403 849 2436 orum:
872 2392 949 2439 cuius
968 2391 1015 2454 qni
1031 2406 1102 2440 nunc
1120 2391 1248 2440 dicuntur
1261 2392 1301 2440 in·

760 2457 838 2508 colse
854 2458 1021 2520 Albuneuses,
1038 2459 1074 2508 ed
1088 2459 1225 2510 Throciee
1237 2475 1301 2524 gen-

759 2533 800 2578 tes
826 2527 1033 2592 sntiquissimus
1065 2529 1221 2578 referuntur
1251 2529 1314 2576 iin-.

759 2612 895 2664 guumque
920 2597 999 2648 edere
1019 2597 1207 2662 perhibentur,
1230 2612 1302 2661 quse

760 2667 795 2718 ud
809 2666 971 2717 Thracicum
985 2667 1108 2731 linguam
1122 2667 1243 2732 proxime
1256 2682 1302 2716 uc·

760 2737 849 2790 cedet.
882 2737 923 2787 Ci.
937 2736 1089 2802 Xyisnder:
1113 2738 1164 2786 Die
1181 2735 1301 2799 Sprscbe

759 2808 806 2858 der
828 2805 982 2858 Aibsnesen
1005 2806 1145 2871 (Francos.
1171 2804 1249 2870 1835)
1273 2821 1299 2870 p.

758 2877 827 2938 319,
845 2881 872 2927 et
895 2877 959 2928 vide
975 2891 1082 2942 quoque
1102 2875 1135 2926 de
1149 2875 1300 2926 Threcibus

759 2947 880 3011 antiquis
911 2953 1091 3012 exponentem
1117 2947 1214 2996 Zeuss:
1247 2946 1300 2998 Die

758 3015 916 3067 Deutscheu
940 3033 966 3067 u.
992 3016 1035 3065 die
1058 3015 1301 3066 Nschbsrstiimme

757 3086 996 3206 iuditii,
1013 3083 1302 3206 {Quiritibus

758 3225 819 3275 vult
829 3224 963 3276 Uschoid:
983 3225 1145 3276 Geschicbte
1160 3225 1184 3276 d.
1198 3227 1299 3275 troian.

759 3295 858 3360 Krisgs
876 3311 939 3360 pag.
959 3295 1017 3346 tte.
1036 3295 1097 3348 eut.
1135 3293 1214 3357 Quod
1234 3311 1299 3345 sero

760 3367 860 3416 Noster
874 3364 899 3416 h.
919 3364 936 3414 l.
949 3365 1032 3414 Indos
1051 3381 1100 3430 pro
1113 3366 1231 3414 maximo
1246 3381 1300 3414 om·

760 3434 835 3484 nium
855 3435 954 3499 populo
974 3435 1071 3494 hebet,
1094 3435 1222 3484 convenit
1239 3449 1299 3484 cnm

761 3506 811 3565 iis,
825 3519 894 3569 quse
908 3519 991 3568 snpra
1003 3503 1055 3567 111,
1065 3503 1098 3555 iii
1111 3503 1233 3567 scripsit:
1250 3496 1301 3551 Ἰν-

761 3570 820 3622 δῶν
840 3587 869 3622 τε
883 3565 995 3637 πλῆθός
1011 3588 1040 3622 τε
1059 3569 1154 3639 πολλῷ
1169 3565 1301 3621 πλεῖστόν

761 3634 818 3692 ἐστι
840 3637 956 3692 πάντων
974 3639 1031 3691 sois
1053 3637 1134 3707 ἡμεῖς
1154 3638 1237 3705 Ιδμον
1253 3634 1301 3691 ἅν-

761 3705 907 3776 domums,
928 3713 976 3764 nbi
993 3713 1062 3762 siios
1076 3712 1195 3762 eiusdem
1209 3713 1249 3761 rei
1261 3717 1301 3764 te·

761 3789 817 3835 stes
830 3783 1020 3846 excitavimus,
1035 3783 1132 3848 quibus
1147 3782 1189 3832 vei
1201 3781 1302 3832 addere

760 3854 827 3905 iicet
841 3852 954 3904 Diodor.
968 3853 1012 3912 ΙΙ,
1025 3853 1067 3905 35.
1079 3851 1122 3904 38.
1143 3851 1301 3902 Philostrut.

761 3925 792 3975 V.
808 3922 1022 3988 Apollon.V1,l.
1051 3921 1130 3974 Coni.
1141 3922 1223 3970 etium
1232 3919 1304 3968 Les·

760 4009 822 4045 sen:
849 3991 908 4045 Ind.
920 3989 1180 4044 Alterthumskunde
1195 3989 1218 4039 1.
1235 4002 1299 4053 psg.

760 4067 819 4116 2se
861 4105 866 4116 .

796 4079 865 4197 eiiii
880 4145 910 4196 γε
920 4125 1041 4193 Ἰνδούς]
1054 4125 1159 4178 Voculs
1171 4137 1201 4190 pe
1211 4139 1303 4176 enon-

761 4203 843 4254 nuilis
860 4201 937 4252 libris
956 4201 1048 4256 ebest3
1075 4195 1144 4246 mele
1163 4197 1223 4248 met
1242 4198 1301 4262 qni·

761 4274 821 4324 dem
833 4271 980 4325 sententie.
1006 4269 1059 4317 Pro
1069 4256 1184 4332 ἄρχοιτο
1197 4268 1224 4318 in
1235 4267 1302 4318 Sen-

762 4343 845 4394 croiti
861 4359 893 4393 uc
902 4337 1018 4391 Vindob.
1029 4337 1097 4390 libro
1108 4337 1246 4390 invenitur
1256 4328 1303 4399 cip-

762 4411 861 4478 χοιάτο
874 4412 981 4478 (Ionum
996 4425 1070 4462 more
1083 4425 1131 4476 pro
1144 4399 1301 4473 ἅρχοιντο),
