2986 5014
251 349 314 414 800
661 350 967 414 EXGURSUSI

249 525 327 578 δυοῖν
345 519 374 577 dl
388 525 444 578 suiv
459 524 564 577 λοιπῶν
579 523 727 588 Γελέοντας
741 519 871 594 μὲντοὺς
886 519 1034 597 propresis,
1049 523 1204 595 Αἰγικορεῖς
1215 522 1247 580 δὲ
1261 521 1329 589 τούς
1341 523 1385 582 ἐπὶ

249 607 409 678 venciensi
428 609 603 681 προβατείαις
617 611 816 683 διατρίβοντας.
848 611 959 674 Quibus
978 611 1096 681 denique
1112 612 1257 666 adiicimua
1272 612 1385 666 Strsbc·

250 714 309 748 nem
327 694 403 762 VIII,
419 700 444 760 7,
463 699 475 747 l
493 695 553 748 sive
574 713 637 766 psg.
654 699 705 751 383
722 697 787 748 baec
815 697 1011 766 proferentem:
1027 689 1042 750 ὁ
1061 692 1091 748 di·
1109 701 1164 767 (sc.
1187 698 1255 762 lon)
1275 699 1384 765 πρῶτον

249 775 298 850 μὲν
314 776 352 841 εἰς
373 773 504 850 ιεοσάρας
525 775 616 848 φυλὰς
635 783 718 835 διεῖλε
735 776 767 835 τὸ
789 782 907 851 πλῆθος,
926 776 986 834 εἶτα
1007 779 1046 843 εἰς
1064 777 1197 850 errorique
1211 783 1303 854 βίους·
1320 780 1385 844 τούς

249 861 297 934 μὲν
317 860 369 933 γὰρ
386 859 525 934 γεωργοὺς
536 858 672 936 ἀπέδειξε,
687 861 752 928 τούς
767 862 796 920 dl
810 860 1004 938 δημιουργούς,
1019 861 1085 928 τούς
1102 863 1132 920 dl
1149 863 1326 936 emanante,
1343 886 1384 922 τε·

249 946 364 1021 ιοὲριους
384 945 414 1002 dl
438 944 791 1019 valentianensem
815 947 844 1004 δὲ
863 953 946 1006 πλείω
963 946 1096 1019 διατάξας
1118 946 1170 1022 τὴν
1196 948 1292 1022 χώραν
1315 947 1384 1007 lw'-

250 1054 338 1106 ιιυμον
355 1029 455 1088 ἑαυτοῦ
469 1033 604 1090 κατέλιπε.

334 1120 414 1183 Ques
436 1120 497 1190 ipse
517 1128 639 1174 veterum
662 1122 815 1174 testimonis
839 1121 867 1173 id
889 1122 957 1173 satis
987 1123 1131 1191 evincunt,
1159 1122 1227 1175 haec
1252 1131 1384 1192 quattuor

250 1207 370 1259 tribuum
385 1205 494 1258 nomine
508 1206 541 1257 ab
557 1207 633 1258 Ionis
646 1207 710 1258 filiis
722 1206 838 1276 repetitu
849 1206 883 1258 nd
897 1206 1007 1258 diverse
1022 1207 1206 1276 vitsegenera
1222 1216 1251 1260 et
1266 1225 1381 1278 occupa-

250 1292 341 1343 tiones
352 1296 503 1360 spectasse,
521 1290 621 1361 quibns
638 1308 764 1361 quaeque
779 1291 869 1344 tribus
880 1292 966 1344 fuerit
980 1291 1081 1360 dedita,
1096 1291 1270 1362 Atticamque
1287 1293 1380 1344 cirita-

250 1386 302 1428 tem
329 1375 393 1428 inde
414 1374 477 1427 olim
497 1375 524 1426 in
548 1371 679 1444 quattuor
702 1376 792 1428 tribus
812 1393 873 1428 esse
893 1375 1009 1429 divisum
1025 1377 1176 1430 secundum
1189 1378 1264 1430 vitae
1281 1394 1381 1446 genus,

250 1461 323 1532 quod
338 1459 441 1528 singuli
457 1459 579 1511 homines
595 1466 779 1531 sequerentur
795 1479 810 1513 e
825 1461 973 1514 maioribus
989 1462 1128 1514 traditum.
1141 1464 1206 1526 Qua
1226 1463 1256 1514 in
1271 1481 1302 1515 re
1318 1462 1382 1514 illud

249 1552 313 1597 unte
328 1535 416 1595 omnio
436 1545 525 1596 teneri
542 1543 675 1611 volumus,
691 1551 823 1616 quattuor
837 1546 928 1598 tribus
948 1563 1003 1598 non
1024 1546 1140 1599 Athenis
1156 1555 1273 1616 tantum,
1289 1565 1382 1600 verum

249 1630 310 1682 ullis
330 1645 440 1699 quoque
462 1629 491 1682 in
509 1629 611 1682 lonicis
635 1630 794 1683 civitatibus
811 1631 942 1701 reperiri,
967 1631 1035 1684 adeo
1052 1639 1082 1683 ut
1098 1632 1163 1684 baec
1183 1631 1287 1684 divisio
1307 1633 1381 1700 genti

249 1715 358 1766 lonicae
381 1714 529 1767 communis
554 1721 582 1766 et
602 1715 714 1786 propria
730 1715 821 1790 'luisse
841 1716 983 1785 videatur,
1004 1717 1228 1786 quemadmodum
1250 1717 1382 1787 triplicem

249 1791 390 1868 phyleruui
404 1797 564 1852 divisionem
579 1800 651 1870 apud
666 1800 782 1853 Doricus
804 1801 929 1854 civitates
945 1801 1100 1854 obtinuisse
1116 1802 1273 1871 accepimus
1283 1801 1326 1872 *):
1339 1821 1380 1853 ac-

249 1885 330 1952 cedit,
347 1883 420 1954 quod
438 1883 507 1954 ipsis
520 1885 635 1938 Athenis
651 1885 714 1938 inde
733 1887 766 1938 sb
792 1885 990 1955 antiquissimis
1009 1886 1177 1955 temporibus
1195 1886 1298 1939 civitss
1312 1905 1377 1938 sem-

250 1989 298 2039 per
315 1970 342 2022 in
360 1979 486 2038 quattuor
500 1977 594 2040 partes
609 1989 633 2023 s.
651 1971 740 2023 trihus
757 1970 846 2023 divisa
860 1971 993 2038 traditur,
1009 1987 1123 2043 quarum
1140 1972 1252 2024 nomina
1272 1971 1375 2024 diversa

250 2055 368 2108 diversis
384 2056 436 2107 sub
451 2055 564 2123 regibus
579 2073 611 2107 so
625 2055 793 2152 temporibus
814 2055 986 2110 indicuntur:
1006 2073 1077 2126 quae
1096 2057 1164 2109 enirn
1187 2057 1242 2109 sub
1258 2056 1375 2124 Cecrope

250 2142 419 2205 efferuntur,
448 2133 555 2194 Asculo
562 2143 738 2209 ,Ksnpom'ffi
759 2133 923 2210 Ἀοιόχθων,
940 2142 1075 2210 Παραλίιι,
1091 2143 1143 2193 sub
1161 2141 1273 2193 Cranno
1286 2135 1378 2208 tretis,

250 2221 407 2294 Msodpuur,
420 2223 546 2294 Διακρὶς,
556 2220 1234 2296 Kpuvule,sublt'ricbtbonloAroe'c,Hoosttlorueois,
1242 2220 1379 2295 Ἆθηοοῖς,

244 2304 426 2380 Ηφαιστιοὶς,
453 2311 524 2362 haud
545 2311 719 2363 discedunta
735 2317 866 2380 quattuor
891 2310 1036 2377 tribubus,
1060 2327 1130 2380 quae
1157 2311 1191 2362 ab
1218 2311 1296 2363 lonis
1317 2310 1380 2364 filiis

250 2397 357 2450 nominu
372 2403 538 2464 acceperunt
552 2413 637 2466 supra
658 2394 790 2448 indicata:
813 2391 971 2466 Γελέοντες,
977 2389 1125 2464 ‘',Onlqsec
1141 2393 1312 2464 Αἰγικορεῖς,
1330 2390 1380 2462 ’Δρ

250 2483 351 2550 yordele.
361 2477 407 2548 **)
451 2480 541 2550 Atque
561 2481 625 2533 hseo
641 2480 718 2533 veris
732 2486 863 2550 quattuor
879 2481 1028 2533 Atticarum
1043 2481 1161 2534 tribuum
1186 2481 1298 2532 nomina
1314 2497 1380 2552 quo-

249 2567 442 2634 modocumque
469 2565 640 2635 explicantur
665 2573 713 2618 eut
737 2565 924 2634 undecumque
950 2571 1114 2636 repetuntur
1142 2565 1231 2636 (qnod
1255 2565 1381 2635 pluribus

249 2651 405 2722 disquirere
420 2652 453 2703 sb
469 2649 588 2704 hocloco
601 2651 717 2704 alienum
729 2668 791 2702 esse
805 2651 897 2719 puto),
913 2651 940 2702 id
951 2651 1016 2703 inde
1026 2649 1197 2703 manifestum
1208 2651 1248 2716 lit,
1266 2650 1380 2702 Atticam

250 2739 386 2791 civitatem
412 2753 518 2805 semper
545 2735 768 2806 quadripertitum
794 2733 883 2788 luisse
906 2735 1091 2806 populumque
1110 2733 1231 2788 Atticum
1259 2734 1323 2786 inde
1345 2735 1378 2785 ab

249 2821 439 2892 antiquissime
471 2825 559 2872 estete
586 2827 717 2889 quattuor
740 2819 866 2888 pertibus
892 2839 916 2872 s.
943 2819 1071 2872 tribubus
1095 2819 1257 2872 constitisse
1292 2835 1375 2888 neque

249 2913 401 2978 „quattuor
425 2905 485 2956 illas
503 2904 592 2956 tribus
618 2923 632 2955 e
653 2905 764 2956 totidem
786 2904 942 2956 nationibus
965 2905 992 2957 in
1015 2921 1096 2958 unum
1112 2903 1265 2973 coaluisse,
1284 2903 1376 2956 sedes

168 3013 177 3026 ·
201 3051 212 3076 ·
251 2992 332 3045 unius
357 2989 448 3057 gentis
469 2993 497 3040 et
517 2988 636 3040 civitatis
652 2987 788 3042 divisione
810 2989 886 3041 modo
908 2998 982 3042 ortas
1007 2983 1170 3055 esse“***).
1194 2989 1275 3052 Quae
1291 2989 1380 3041 tribus

251 3077 323 3128 unde
338 3090 433 3125 nomen
450 3072 594 3141 traxerint,
607 3073 666 3124 sive
682 3091 698 3124 e
713 3073 796 3141 locis,
818 3091 887 3144 qnee
906 3075 1061 3139 tenuerint,
1081 3074 1140 3126 sive
1163 3091 1180 3124 a
1194 3075 1295 3138 sacris,
1311 3091 1380 3143 quae

249 3159 399 3224 coluerint,
421 3156 479 3210 sive
495 3173 510 3208 e
526 3158 639 3226 regibus
659 3159 844 3228 heroibusque
860 3159 981 3228 ipserum
997 3159 1222 3229 progenitoribus
1243 3159 1292 3228 qui
1309 3159 1379 3211 lere·

249 3246 364 3309 buntur,
382 3243 441 3295 sive
456 3242 576 3312 denique
591 3261 607 3295 a
623 3243 741 3296 diversis
758 3243 831 3295 vitae
847 3244 966 3312 negotiis
983 3261 1054 3314 quse
1069 3243 1268 3310 tractaverint,
1284 3243 1313 3294 id
1331 3244 1380 3294 boc

249 3331 307 3381 loen
330 3328 402 3380 baud
424 3328 595 3398 quaerimus:
617 3329 761 3381 coniuncte
784 3328 850 3380 baec
872 3329 961 3381 omnis
982 3327 1177 3399 quodammodo
1205 3327 1267 3380 olim
1292 3329 1379 3380 inisse

249 3413 358 3480 credes,
380 3409 448 3465 adeo
466 3421 496 3465 ut
511 3413 651 3482 imaginem
669 3414 769 3466 sistant
785 3413 906 3466 civitatis
922 3413 998 3480 eius,
1017 3413 1106 3483 qualis
1121 3431 1170 3482 per
1189 3413 1322 3466 orientem
1339 3413 1378 3464 in·

249 3499 361 3552 venitur
375 3497 466 3550 divise
477 3515 509 3550 sc
523 3499 662 3566 descripta
676 3517 725 3568 per
737 3504 827 3550 certes
843 3497 972 3568 quasdam
995 3498 1098 3550 classes
1115 3497 1174 3549 sive
1191 3507 1293 3562 custus,
1310 3513 1378 3566 quas

249 3585 360 3650 dicunt,
381 3582 616 3656 immutabiles†):
641 3583 668 3634 id
690 3583 783 3653 potius
805 3584 885 3635 nobis
904 3583 1089 3654 quaerendum
1106 3583 1231 3648 ridetur,
1255 3583 1328 3652 quod
1343 3580 1376 3631 ad

249 3667 382 3722 Herodoti
400 3666 486 3720 locum
497 3669 618 3738 pertinet
631 3668 831 3734 illustrandum,
847 3668 942 3739 quales
954 3669 1060 3721 luerint
1070 3673 1202 3738 quattuor
1212 3666 1264 3718 bae
1279 3667 1378 3732 tribus,

253 3800 443 3814 ..Μ

317 3869 421 3936 ²)vid.
436 3872 504 3920 nott.
517 3866 552 3918 sd
567 3867 697 3921 Herodot.
711 3869 744 3934 V,
756 3867 798 3921 68

319 3939 363 4004 ti)
378 3939 440 3990 Vid.
462 3937 634 4003 potissimum
652 3941 761 3991 Haase·
779 3939 831 3989 Dis
846 3936 1012 3990 Athenisohe
1028 3933 1301 3999 Stsmmveriasaung
1316 3934 1377 3998 (Ab

248 4009 341 4061 hsndl.
355 4009 381 4060 d.
400 4009 495 4062 histor.
513 4006 642 4074 philolog.
656 4009 837 4061 Gerellschsit
855 4025 889 4058 sn
902 4007 1016 4060 Breslan
1036 4006 1111 4060 1857.
1114 4005 1164 4068 )1.
1176 4019 1240 4070 psg.
1252 4003 1287 4056 db
1301 4019 1374 4068 seqq

247 4081 281 4130 9²
295 4095 370 4146 seqq.
385 4079 447 4128 Alia
462 4079 494 4130 de
511 4077 552 4126 his
567 4086 696 4144 qusttnor
715 4082 809 4131 Ionum
823 4078 947 4130 tribubus
965 4078 1146 4128 excitavimus
1166 4075 1196 4124 in
1213 4081 1282 4126 nott.
1297 4072 1376 4132 st,

248 4149 291 4202 69
285 4149 570 4284 1¹²l⁸*g*)lVArbasuut
595 4219 654 4268 Em.
678 4219 762 4269 Heur.
787 4218 843 4268 Ott.
867 4215 1006 4268 Muelleri:
1034 4216 1077 4265 Da
1101 4213 1200 4279 priscis
1227 4213 1266 4264 1v
1287 4209 1381 4277 populi

247 4287 419 4338 Atheniense.
440 4273 621 4366 trihorigine
641 4286 783 4353 (Methurg
802 4285 879 4350 1849)
898 4302 959 4352 peg.
978 4283 1380 4349 41.eon.p.·rreqq.1useq

249 4355 281 4406 ³⁷
294 4372 352 4491 ⁸e'sq)
363 4355 608 4489 libibidinosus
623 4424 745 4490 pluribus
759 4427 850 4476 Haece
866 4425 884 4479 l.
899 4425 917 4474 l.
