2994 4980
223 353 286 422 668
659 353 925 426 HERODOTI

223 537 297 606 τότε
306 533 548 623 Θεμιστοκλέης
560 529 730 621 ἀνέγνωσε
746 529 956 621 Ἀθηναιους,
970 537 1028 622 τῆς
1041 534 1223 620 διαιρέσιος
1232 531 1429 622 ταύτηςςςσ

225 640 476 727 παυσαμένους,
499 639 577 716 νέας
596 636 724 706 τούτων
742 643 811 704 τῶν
824 636 1002 725 χρημάτων
1020 636 1227 725 ποιήσασθαι
1246 643 1370 724 διηκο-

225 751 316 826 σίας,
339 745 371 820 ἐς
393 737 452 810 τὸν
465 739 612 828 πόλεμον
625 738 684 808 τὸν
698 738 779 829 πρὸς
794 739 976 827 Αἰγινήτας
990 743 1108 832 λέγων.
1143 729 1241 820 οὗτος
1263 739 1335 826 γὰρ
1351 737 1370 808 ὁ

223 943 337 1002 mimus,
359 941 420 1006 ipso
438 942 549 990 auctore
567 940 709 990 Herodoto
728 938 762 996 V,
814 939 998 1004 qusttuorvir.
1018 955 1044 1004 p.
1062 939 1110 990 187
1124 939 1202 990 lebb.
1225 947 1253 990 et
1268 939 1367 990 Sehol.

223 1012 272 1074 97,
293 1010 341 1060 ubi
352 1009 407 1059 rid.
423 1013 509 1071 nott,
534 1009 642 1059 exsistit
659 1023 763 1058 summu
813 1007 925 1058 Aristid.
940 1007 986 1071 (erl
999 1024 1026 1072 p.
1038 1007 1141 1074 uuus.)
1157 1025 1220 1073 png.
1231 1007 1286 1060 230
1300 1025 1368 1074 seq.

223 1082 401 1146 quinquaqinta
413 1077 577 1128 talentorum
597 1079 655 1129 sive
667 1077 763 1141 essee
813 1078 929 1128 Fromm.
961 1077 1099 1128 Dissentit
1111 1078 1234 1128 nonnihil
1247 1079 1366 1129 cornel.

223 1149 333 1200 thulerr.
354 1147 461 1214 (7²,384
477 1147 586 1198 tlrslerr.
607 1150 623 1196 2
641 1161 728 1212 gross.
748 1161 762 1196 e
814 1147 905 1212 Nepos
926 1146 954 1196 in
972 1146 1134 1198 Themist2
1154 1147 1214 1211 (uhi
1232 1147 1290 1198 vid.
1306 1163 1367 1198 vsu

222 1215 480 1280 Wurrniirstione);
494 1217 592 1282 viginti
603 1216 675 1266 mille
689 1217 762 1265 eires
814 1213 976 1279 Stsveren),
993 1216 1040 1281 qui
1057 1216 1126 1266 idern
1138 1233 1197 1267 enm
1212 1217 1367 1268 Plutarcho

222 1287 310 1339 fuisse
329 1288 353 1338 si
366 1301 465 1352 ponus,
486 1286 591 1335 talentu
609 1285 764 1335 efficiuntur
815 1291 843 1335 et
855 1285 994 1350 Polyaeno
1012 1293 1106 1334 eentum
1121 1287 1201 1336 modo
1220 1291 1300 1352 pouit
1314 1303 1368 1336 us-

222 1358 273 1424 334
292 1359 351 1408 sive
368 1355 464 1414 48:256
480 1354 593 1404 thelerr.
615 1355 625 1403 l
645 1369 760 1419 grosse
815 1370 878 1417 ves,
896 1355 944 1404 ubi
956 1355 1077 1405 ducentur
1095 1356 1176 1406 effert
1190 1355 1365 1409 Herodotus.

222 1427 339 1476 Wurmii
353 1424 474 1476 euleulis.
509 1424 608 1488 ltaque
620 1422 760 1487 probabile
809 1425 936 1474 Pluribus
955 1423 1021 1474 haee
1040 1426 1213 1490 persequitur
1234 1415 1366 1490 Kr'ueger

223 1502 279 1558 est,
304 1509 423 1544 sunuum
437 1493 567 1551 reditum,
586 1497 618 1542 ut
634 1492 760 1555 diximus,
810 1493 896 1558 (Hist.
916 1492 1041 1558 philolog.
1057 1494 1135 1555 Stud,
1151 1509 1213 1560 peg.
1227 1494 1364 1558 25-28),

222 1565 423 1628 intrstrigints
441 1561 682 1626 sntqnndrsgints
697 1577 762 1612 eon·
811 1563 856 1627 qui
878 1579 948 1628 quse
972 1563 1007 1612 sh
1028 1563 1169 1614 Herodoto
1197 1564 1363 1627 truduntur,

223 1633 328 1684 stitisie
341 1631 453 1682 talentu.
486 1631 604 1680 Dubitat
623 1631 760 1682 tremende
811 1647 876 1682 vers
888 1648 949 1682 esse
962 1638 1060 1697 negot,
1078 1633 1132 1683 uisi
1150 1647 1219 1698 quse
1237 1649 1362 1700 sequun-

222 1703 274 1752 hse
297 1701 508 1751 ratiocinatione
526 1701 610 1751 Grote
633 1701 760 1766 (History
811 1705 856 1752 tur
867 1702 988 1752 eiusdem
1001 1703 1086 1752 verbs
1101 1702 1172 1753 huno
1186 1703 1242 1753 iere
1255 1705 1285 1752 in
1298 1719 1361 1753 mo-

222 1772 252 1822 ol
265 1771 367 1822 tireeee
381 1771 413 1819 V.
427 1786 490 1836 psg.
506 1769 538 1820 73
550 1768 636 1835 seq),
652 1785 711 1819 cum
728 1785 760 1820 ex
812 1770 874 1820 dnm
888 1775 1040 1822 mutentur:
1061 1757 1148 1820 αὗταί
1156 1787 1184 1821 τε
1196 1766 1233 1836 δή
1247 1767 1280 1821 αι’
1293 1773 1360 1830 νέες

220 1841 356 1891 Herodoti
377 1839 439 1890 loeo
465 1839 512 1890 vis
532 1839 658 1890 eonoludi
681 1853 760 1903 posse
811 1833 848 1888 ni
862 1833 927 1901 μὲν
940 1842 1015 1889 τοῖσι
1028 1833 1360 1906 Ἂθρναίοισιπρονισιη·

220 1911 384 1972 arbitretur,
405 1925 496 1962 ornnem
515 1907 685 1959 metullorum
700 1924 761 1972 pro·
809 1907 906 1957 θεῖσαι
932 1901 1078 1974 ὑπῆρχον,
1104 1899 1199 1974 ἑτέρας
1227 1903 1264 1959 δὲ
1290 1909 1358 1976 (pro

220 1985 330 2032 ventum
339 1981 408 2029 inter
418 1980 492 2030 nives
500 1979 674 2028 distributum
685 1994 759 2038 ουτος
808 1978 882 2042 vulg.
901 1979 940 2043 re)
963 1972 1023 2027 ἔδει
1044 1975 1356 2043 προσναυπηγέεσθαιι

218 2059 316 2113 purtem
329 2049 420 2113 potius
432 2063 539 2110 eorum,
553 2063 623 2113 quse
637 2063 652 2098 s
665 2047 760 2096 metsl-
808 2048 880 2113 qnod
896 2049 949 2098 nisi
961 2049 1080 2112 plseest,
1094 2065 1187 2100 vocem
1198 2047 1355 2112 διηκοσίας

219 2120 253 2170 lis
266 2121 294 2168 in
304 2119 438 2168 serarium
449 2119 557 2168 omuino
567 2118 698 2168 redierint
707 2117 759 2166 ibi·
808 2131 919 2181 prorsus
932 2118 993 2167 tolli
1008 2118 1078 2168 idem
1094 2119 1162 2170 vult.
1200 2119 1267 2169 Mihi
1283 2135 1358 2170 neu-

222 2205 274 2255 que
291 2199 436 2238 ssservsts
452 2187 569 2249 fuerint,
587 2186 759 2238 indistribu·
808 2192 879 2236 trum
901 2185 1008 2250 plseet:
1039 2188 1068 2237 iu
1094 2187 1206 2253 rulgstn
1236 2188 1358 2238 lectione

221 2261 323 2308 tionem
337 2258 444 2308 venisse
461 2262 540 2322 putet
560 2273 592 2306 ne
604 2255 757 2306 Themisto·

222 2327 274 2378 elis
289 2329 468 2387 sententium,
489 2342 569 2392 quem
588 2325 688 2390 populo
702 2341 762 2389 per-

222 2397 355 2458 snsserit,
381 2411 413 2447 eo
436 2401 590 2461 speetesse,
617 2399 648 2444 ut
671 2395 761 2456 ονοιίσ,

221 2481 291 2530 quse
305 2467 334 2515 iu
345 2466 450 2515 serario
464 2470 556 2515 essent
568 2464 707 2528 deposita,
726 2463 761 2512 sd

221 2549 306 2585 usves
331 2534 505 2585 fubriosudss
529 2538 761 2594 consumerentur,

222 2603 350 2668 nulleque
361 2604 445 2653 etism
459 2603 521 2652 inde
539 2601 698 2652 distributio
715 2618 761 2666 pe-

221 2675 363 2724 ouuisrum
381 2673 453 2722 inter
464 2674 538 2720 eires
552 2671 636 2720 fieret.
666 2673 763 2722 Caete-

220 2759 279 2793 rum
287 2742 358 2792 hene
368 2740 540 2805 peounisrurn
551 2755 566 2788 e
576 2739 693 2790 metellis
703 2756 761 2806 pro·

221 2812 387 2862 venientium
407 2809 627 2859 distributionem
647 2811 762 2874 antiquo

221 2896 255 2932 ex
273 2897 346 2930 more
363 2880 464 2929 isetsm
484 2893 542 2928 esse
564 2877 669 2928 indicet
690 2879 760 2928 idem

220 2949 339 3001 Boeelsh.
352 2948 377 2996 h.
391 2947 409 2997 l.
423 2963 449 3010 p.
465 2946 523 2997 112.

255 3009 406 3081 ἀνέγνωσε]
427 3016 445 3064 i.
466 3030 489 3064 e.
503 3016 643 3080 persuasit.
679 3014 760 3065 Coei.

221 3089 243 3150 Ι,
258 3087 293 3138 68
309 3091 336 3136 et
349 3099 418 3149 quse
430 3083 545 3148 plurime
556 3099 571 3132 e
584 3083 684 3134 Nostro
696 3101 761 3134 eon-

219 3157 306 3220 gessit
318 3153 433 3204 Bredov.
454 3169 517 3219 psg.
530 3153 591 3205 352.
629 3155 707 3216 Quod
724 3153 760 3204 sd

219 3226 307 3288 ipsum
325 3238 380 3272 rem
399 3223 514 3285 attinet,
537 3227 631 3272 nsrrst
651 3238 759 3288 quoque

163 3346 165 3352 ,
219 3293 374 3356 Polyaenus
386 3291 461 3355 1,30.
472 3295 496 3356 5.
508 3293 534 3354 5,
550 3291 759 3344 Themistoclem

220 3365 248 3411 in
268 3361 340 3412 bello
357 3361 488 3413 sdversus
507 3362 670 3426 Aeginetae,
699 3378 760 3412 euru

218 3431 399 3483 Athenienses
414 3431 516 3482 reditus
534 3447 566 3482 ex
582 3432 759 3496 argentifodi-

218 3503 271 3563 uis,
285 3505 394 3551 eentum
405 3501 520 3564 talentu,
532 3501 694 3551 distribuere
705 3501 759 3551 vel·

810 2271 870 2305 eum
885 2255 945 2309 edd.
964 2262 1080 2310 receutt.
1102 2259 1278 2322 requiescere
1297 2275 1358 2308 rus.-

811 2323 850 2374 lui
866 2340 946 2390 quem
967 2341 1040 2378 nous
1056 2342 1184 2392 quaerere
1204 2343 1290 2393 esque
1309 2329 1359 2378 sd-

811 2395 920 2461 modum
941 2395 1047 2446 inserts
1068 2411 1118 2446 uec
1140 2395 1217 2446 libris
1242 2399 1357 2462 seriptis

811 2464 936 2528 probatu.
963 2465 995 2513 ld
1008 2479 1090 2515 unum
1103 2465 1244 2516 ndiieism:
1264 2469 1356 2531 ipsum

811 2533 997 2596 Thucydidem
1006 2534 1164 2585 confirmare
1175 2551 1222 2598 es,
1236 2551 1307 2600 quse
1318 2538 1356 2588 sb

811 2602 950 2652 Herodoto
963 2603 1122 2666 truduntur,
1143 2619 1202 2655 eum
1216 2608 1243 2654 in
1258 2621 1359 2670 prooe-

810 2673 865 2719 mio
879 2673 907 2728 1,
922 2673 953 2722 14
968 2673 1177 2725 Atheniensium
1194 2683 1222 2725 et
1237 2676 1357 2740 Aegine-

813 2745 901 2789 tsrum
928 2757 983 2790 rem
1007 2743 1133 2794 novalem
1158 2744 1221 2802 olim
1246 2751 1357 2796 tenue-

813 2823 873 2859 esse
899 2811 1004 2860 scribet
1027 2817 1111 2876 utque
1133 2813 1201 2864 hsee
1222 2816 1356 2864 contiuuo

812 2878 911 2928 eddstr
933 2872 988 2943 ὀψέ
1005 2895 1034 2929 se
1057 2872 1112 2946 ἀφ’
1131 2870 1166 2931 οὗ
1185 2877 1356 2961 Ἅιιηναίοας

794 2985 796 2988 -
811 2944 1003 3014 Θεμιστοκλῆς
1011 2944 1121 3000 ἔπεισεν
1128 2947 1295 3017 Αιγινηταις
1304 2967 1353 3001 σισ-

810 3016 965 3080 reportetur
983 3013 1031 3068 sul
1053 3009 1112 3084 ἅμα
1136 3019 1188 3071 τοῦ
1207 3018 1354 3088 βαρβάρου

810 3083 1007 3152 προσδοκίμου
1020 3079 1104 3148 ὄντος
1120 3085 1170 3148 τὰς
1181 3089 1253 3148 ναῦς
1270 3085 1355 3154 ποιή-

810 3154 934 3220 σασθαι,
954 3151 1056 3221 αἷσπερ
1076 3155 1125 3208 sul
1141 3151 1249 3224 ἔννομά
1268 3174 1351 3222 qous.

809 3225 876 3276 Inde
897 3227 992 3277 eodem
1010 3233 1081 3280 teste
1099 3229 1137 3294 (1,
1158 3229 1202 3294 18)
1222 3245 1237 3279 o
1270 3226 1354 3294 Ἀθρ-

809 3296 887 3344 ναῐοι
901 3287 1041 3346 ἐπιόντων
1052 3295 1109 3347 τῶν
1121 3295 1274 3362 Μήδων-
1284 3315 1354 3348 ναν·

809 3360 884 3413 τιιιοι
901 3355 1042 3428 ἐγένοντο.
1084 3369 1125 3418 De
1148 3370 1271 3434 genitivo
1288 3362 1354 3418 torl-

809 3448 865 3482 των
886 3433 938 3497 (sie
958 3436 1033 3487 edidi
1055 3453 1104 3503 pro
1132 3433 1267 3502 τουτέων)
1293 3435 1353 3487 τοῖν

808 3500 961 3568 χρημάτων
980 3507 1053 3560 eoui.
1075 3507 1175 3561 Mstth.
1192 3508 1239 3559 Gr.
1255 3508 1301 3558 Gr.
1324 3511 1350 3570 5.

217 3569 289 3632 lent,
305 3569 333 3620 id
347 3571 521 3635 impedivisse
531 3571 686 3636 populoque
700 3587 758 3636 per·
808 3571 869 3632 364,
884 3573 912 3623 b.

218 3641 355 3702 eusebes,
376 3646 406 3690 ut
417 3641 601 3691 eentunrviris
614 3641 757 3691 ditissimis
842 3635 893 3691 τὸν
911 3637 985 3704 πρὸς
1000 3635 1150 3708 Αἰγινήτας
1168 3643 1267 3710 λέγων]
1289 3647 1307 3695 i.
1326 3662 1351 3696 e.

217 3709 330 3773 siugulis
348 3709 482 3760 tslentnm
503 3709 615 3760 duretur
631 3709 665 3760 sd
686 3725 757 3761 sum·
806 3712 894 3764 bellum
906 3715 1045 3777 intettipeus
1057 3715 1141 3779 (quod
1155 3731 1194 3766 se.
1209 3715 1349 3778 instsbst)

218 3782 280 3841 ptus
297 3779 324 3827 iu
344 3779 458 3830 classem
479 3779 629 3829 faciendoss
666 3780 757 3845 Atque
806 3797 859 3832 oron
871 3783 1009 3847 Aspiuetts.
1037 3785 1107 3847 Apte
1122 3784 1351 3836 Valckennffert

218 3847 267 3897 hos
276 3847 349 3899 viros
358 3847 478 3913 singulos
488 3847 565 3898 nddit
573 3849 706 3900 triremem
716 3849 757 3900 ei·
805 3851 922 3902 Isoerst.
940 3851 969 3899 iu
984 3851 1099 3902 Psnsth.
1115 3870 1142 3918 p.
1160 3855 1252 3904 2771).
1272 3853 1348 3920 [esp.

218 3917 317 3969 iecisse
333 3919 533 3982 meximumque
546 3916 597 3968 hue
609 3918 638 3966 iu
652 3934 680 3968 re
698 3924 756 3970 stu·
805 3921 849 3972 85.
860 3923 883 3983 ς.
895 3917 974 3983 ι15],
989 3921 1036 3970 uhi
1049 3923 1174 3972 similiter
1186 3924 1296 3972 verbum
1307 3918 1350 3971 λε’-

217 3986 290 4038 dium
300 3987 460 4052 praebentes
469 3986 678 4039 Atheniensibus
687 3987 756 4039 oles-
805 4003 864 4052 γων
875 3994 1031 4051 usurpetur.
1069 3993 1109 4041 Ae
1125 3993 1225 4043 dicendi
1235 3993 1348 4044 verbum

218 4073 274 4108 sem
292 4071 418 4122 psrssse,
441 4071 495 4121 qus
513 4071 567 4106 non
585 4061 690 4106 tuntum
711 4057 759 4107 sd·
808 4059 848 4107 itu
864 4057 976 4107 adhibet
989 4059 1084 4111 Cicero
1098 4061 1139 4110 De
1151 4061 1216 4112 liun.
1230 4063 1262 4121 V,
1277 4063 1302 4112 3.
1316 4089 1349 4098 -

217 4141 313 4177 versus
323 4127 479 4191 Aeginetae,
492 4124 538 4176 sed
551 4131 646 4174 contre
659 4127 757 4176 Persss
807 4128 849 4177 De
859 4128 918 4191 ipso
930 4126 1000 4178 bello
1011 4130 1169 4195 Aeginetico
1179 4131 1236 4182 vid.
1245 4131 1348 4183 Herod.

217 4197 300 4246 etism
311 4197 354 4246 usi
367 4196 433 4244 siut.
461 4197 537 4256 Ques
548 4194 756 4246 sterodoteis
807 4197 847 4259 V,
863 4197 897 4248 8⁶2
916 4212 973 4261 seq.
994 4199 1047 4261 VI,
1066 4200 1099 4249 87
1117 4215 1193 4267 seqq.
1209 4201 1270 4250 eoll.
1284 4200 1350 4251 Plu·

216 4265 341 4315 nonnihil
360 4265 497 4316 differunt.
533 4264 703 4315 Herodotum
727 4265 755 4316 iu
807 4265 958 4319 tsroh.l.l.

217 4333 268 4383 lrse
293 4335 450 4384 nsrrstioue
473 4336 597 4400 sequitur
614 4335 753 4385 Plutarch.
841 4323 925 4393 οὗτος
943 4327 995 4399 γὰρ
1015 4329 1030 4386 ὁ
1049 4327 1172 4400 πόλεμος
1197 4329 1300 4394 συστὰς
1317 4353 1344 4386 τι.

216 4401 416 4455 Themistocli
432 4403 492 4455 luit.
504 4403 616 4456 Aristid.
630 4405 708 4455 Oret.
719 4405 753 4456 de
804 4419 828 4454 τ,
848 4403 884 4470 t]
910 4405 952 4456 Ad
975 4404 1140 4458 loeutionem
1165 4397 1193 4473 (ὁ
1222 4399 1347 4478 πόλεμος
