3010 4966
196 317 254 381 170
625 315 887 378 HERODOTI

192 503 298 583 θερον
314 491 377 582 μὲν
398 489 454 561 ἐὸν
472 488 508 560 τό
530 493 626 580 γένος
645 488 681 561 τό
700 488 847 560 Ἀττικόν
870 489 1049 580 ἰσόρροπον
1068 495 1115 583 τῷ
1136 493 1270 562 ἑωυτῶν
1284 483 1327 558 ἀν

192 606 338 687 γίνοιτο,
362 595 583 686 κατεχόμενον
606 595 642 664 δὲ
655 592 721 665 ὑπὸ
741 601 939 684 τυραννίδος
954 591 1094 675 ἀσθενὲς
1108 598 1163 664 καὶ
1177 605 1382 683 πειθαρ-418

192 706 329 790 χέεσθαι
350 703 496 789 ἑτοῖμον,
526 697 692 788 μαθόντες
719 698 910 769 δὲ’τοότιον
932 703 1052 776 ἕκαστα
1079 703 1326 788 μετεπέμποντο

187 801 319 892 Ἱππίην
332 802 391 873 τόν
404 802 647 892 Πεισιστράτου
669 799 733 872 ἀπὸ
748 811 886 891 Σιγείου
900 807 961 871 τοῦ
974 806 1011 872 ἐν
1025 799 1271 894 Ἑλλησπόντῳ,
1293 806 1327 882 ἐς

124 987 127 994 .
193 905 485 996 ὃιιαταφεόγονσι
512 913 547 978 oi
567 913 848 994 Πεισιστρατίδαι.
891 903 981 976 Ἐπεί
1004 934 1040 976 τε
1067 909 1106 975 δέ
1124 928 1184 994 σφι
1200 903 1328 994 Ἱππίης
1384 931 1386 936 ’

193 1011 391 1101 καλεόμενος
413 1003 488 1100 ἧκε,
515 1010 806 1101 μεταπεμψάμενοι
835 1012 891 1080 καί
917 1015 986 1079 τοῖν
1010 1007 1121 1079 ἀλλων
1143 1009 1327 1100 συμμάχων

192 1113 369 1205 ἀγγέλους,
399 1114 514 1204 ἔλεγόν
541 1135 602 1202 σφι
622 1119 831 1204 Σπαρτιῆται
858 1113 953 1183 τάδε·
978 1113 1120 1204 ’Ἄνδρες
1147 1113 1324 1204 σύμμαχοι,

192 1316 281 1368 uidem
297 1316 368 1367 omni
387 1315 466 1367 modo
484 1315 579 1367 tollere
596 1315 733 1378 studeant,
783 1305 844 1378 τό,
855 1319 966 1365 anctore
979 1313 1102 1376 Stravio;
1127 1317 1158 1364 tu
1181 1313 1236 1368 vid.
1253 1317 1322 1364 nott.

193 1387 307 1438 Athenis
326 1401 355 1436 se
373 1384 425 1435 hoc
444 1386 543 1438 secisse
558 1387 678 1450 graviter
695 1383 735 1434 fe·
784 1384 820 1434 ad
832 1385 880 1447 1v,
893 1383 936 1435 56.

191 1462 269 1506 rant:
289 1455 322 1505 ob
332 1455 503 1505 incommoda
515 1455 621 1505 scilicet
630 1455 733 1504 Dorum
817 1443 1066 1517 μεταπεμψάμενοι
1084 1447 1131 1502 καί
1152 1449 1209 1502 τοῖν
1230 1443 1324 1502 ἀλλων

192 1525 273 1574 rebus
289 1523 407 1588 publicis
425 1540 440 1574 ο
458 1523 566 1574 sublato
580 1524 733 1574 Pisistrati-

191 1595 286 1644 darum
304 1593 417 1656 imperio
431 1594 573 1658 auctisque
586 1593 732 1642 Athenien-

191 1664 261 1713 sium
275 1663 303 1711 in
314 1661 467 1713 libertatem
479 1663 677 1712 vindicatorum
689 1678 733 1714 re-

191 1734 243 1782 bus
260 1733 429 1782 enascentia.
464 1733 536 1782 Hinc
555 1736 629 1782 recte
648 1733 732 1782 etiam

191 1802 324 1852 statuisse
332 1801 440 1852 videtur
450 1803 479 1853 C.
491 1802 523 1852 Ο.
533 1801 653 1852 Mueller.
665 1802 731 1852 Dor.

190 1873 213 1922 Ι.
221 1887 282 1936 pag.
293 1871 341 1921 160
350 1887 424 1936 seq„
437 1876 567 1936 tyrannos
577 1871 680 1920 Dorum
692 1871 733 1920 in·

191 1940 297 1991 stitutis
318 1943 421 1991 eversis
434 1951 549 2008 ’semper
571 1945 682 1992 evectos
705 1944 732 1991 et

191 2016 287 2062 auctos
300 2010 394 2060 luisse.

225 2071 414 2144 κατεχόμενον
427 2076 458 2129 δὲ
476 2069 534 2130 sind
547 2076 729 2144 τυραννίδος]

190 2150 223 2200 In
237 2148 378 2201 Sancroiti
396 2150 464 2201 libro
482 2140 541 2199 ὑπό
559 2163 611 2199 του
629 2163 732 2212 τυραν-

190 2217 263 2282 νίδι,
276 2219 347 2285 quod
357 2222 461 2286 recepit
470 2219 592 2280 Schaef.‚
605 2218 731 2285 quemad-

190 2291 297 2340 modum
313 2289 340 2339 in
360 2290 408 2353 iis,
428 2305 497 2355 quac
515 2290 610 2340 attulit
626 2291 732 2340 Wesse-

189 2360 271 2425 liug.‚
287 2359 403 2438 Appiam
420 2362 450 2411 B.
466 2360 518 2410 aiv.
531 2361 570 2409 lV
587 2358 660 2425 [cap.
672 2356 727 2423 86].

189 2442 215 2494 p.
236 2429 303 2481 1022
318 2425 375 2478 υπό
397 2445 448 2478 του
467 2421 615 2486 δαιμόνων
636 2433 664 2478 et
682 2428 733 2477 So-

188 2495 350 2564 ph'ool.0ed.
363 2498 420 2549 Col.
432 2498 483 2548 384
497 2497 558 2564 [371
571 2497 664 2547 Elmsl.
678 2496 729 2547 336

187 2567 281 2634 Bolia]
296 2559 326 2616 ἐκ
342 2565 420 2616 θεῶν
433 2582 492 2618 του.
519 2567 572 2617 Sed
586 2567 653 2616 haec
669 2566 729 2629 ipsa

188 2653 205 2686 a
226 2639 314 2686 nostri
334 2637 387 2686 loci
408 2637 516 2686 ratione
537 2635 660 2684 nonnihil
677 2634 729 2683 dii·

189 2706 259 2756 ferre
270 2707 411 2765 videntur,
430 2706 457 2752 iu
473 2720 524 2768 quo
538 2705 604 2752 nihil
622 2708 728 2753 mutan-

189 2773 251 2822 dum
274 2789 333 2822 esse
355 2774 457 2823 caeteri
481 2789 588 2838 quoque
610 2773 727 2822 editores

188 2842 257 2891 bene
282 2846 484 2906 perspexerunt.
524 2841 598 2891 Idem
621 2844 728 2892 Wesae·

188 2910 255 2974 ling.
277 2916 351 2960 recte
373 2911 479 2961 attendi
498 2910 574 2960 iubet
591 2911 626 2961 ad
644 2912 728 2961 verba

187 2981 220 3040 V,
233 2979 266 3052 ’λβ
282 2968 485 3042 ἐθελοκάκεον,
499 2973 537 3036 ἀς
549 2975 672 3046 δεσπότῃ
685 2972 727 3040 ἔρ-

186 3045 343 3112 γαζομενυι.
378 3051 442 3100 Mox
461 3049 523 3100 dedi
540 3041 682 3111 μαθόντες
696 3045 727 3100 δὲ

186 3110 295 3167 τούτων
312 3111 513 3182 promotior,
529 3119 577 3169 nbi
591 3111 635 3180 di,
655 3121 727 3184 quod

188 3203 205 3238 a
217 3187 378 3252 quibusdam
389 3189 467 3240 libris
480 3189 573 3252 abest,
586 3189 653 3239 bene
665 3190 728 3240 reti-

186 3257 248 3306 nuit
262 3255 412 3318 Serreion,
425 3260 607 3324 interpretans
621 3263 726 3324 inquam,

784 1515 936 1587 συμμάχων
954 1515 1098 1586 ἀγγέλους]
1118 1513 1251 1586 ἀγγέλους
1263 1523 1289 1572 h.
1302 1522 1321 1576 l.

782 1608 837 1642 non
849 1599 904 1642 tarn
916 1593 1029 1642 nuncios
1039 1592 1116 1653 dicit,
1129 1592 1176 1642 sed
1185 1592 1293 1657 legatos
1305 1607 1323 1642 a

782 1662 896 1726 singulis
920 1663 1078 1712 civitatibus
1100 1662 1226 1722 Doricia,
1252 1677 1323 1726 quas

782 1731 891 1782 foedere
911 1747 972 1781 cum
992 1731 1137 1796 Spartanis
1156 1733 1322 1784 coniunctae

783 1807 871 1862 erant,
887 1801 1011 1866 Spartam
1024 1802 1157 1850 invitatos
1171 1817 1193 1852 s.
1208 1801 1323 1851 arcessi-

783 1875 826 1936 ιρι
844 1874 870 1920 in
885 1870 1042 1928 concilium
1060 1870 1133 1919 haud
1148 1869 1229 1920 aliter
1241 1861 1321 1934 ἀγγε-

781 1940 825 1988 λυι
840 1941 965 1991 dieuutur
979 1940 1007 2004 1,
1027 1941 1068 1992 36.
1081 1939 1124 1991 69.
1158 1934 1322 2003 συμμάχους

782 2011 841 2060 eivs
858 2006 1034 2074 συμμαχίαν,
1057 2013 1088 2059 ut
1100 2007 1182 2071 alibi,
1203 2009 1321 2075 Spartae

781 2079 911 2146 intelligit
924 2080 1013 2130 socios
1027 2079 1127 2130 liberos
1141 2083 1225 2142 atquo
1237 2069 1319 2128 αὖτο-

782 2143 903 2212 νόμους,
919 2150 964 2214 qui
979 2163 1027 2212 pro
1040 2149 1158 2199 foederis
1170 2149 1264 2200 Dorici
1277 2163 1321 2198 ra·

780 2221 856 2268 tione
871 2219 915 2269 sui
931 2233 1040 2283 prorsus
1059 2222 1138 2267 erant
1149 2219 1226 2268 iuris.
1265 2220 1320 2269 Ne-

780 2303 831 2354 que
846 2289 917 2340 enim
930 2288 957 2337 hi
971 2289 1055 2348 socii,
1069 2293 1100 2337 ut
1114 2286 1321 2338 Atheniensium

780 2358 865 2421 socii,
887 2358 1025 2408 tributarii
1043 2357 1125 2407 ferme
1142 2356 1253 2407 fuerunt
1271 2361 1320 2406 aut

780 2427 854 2478 dicto
871 2427 1013 2478 audientes
1025 2427 1167 2492 Spartanis
1183 2427 1211 2475 in
1227 2427 1262 2476 iia
1277 2442 1320 2476 ra-

780 2497 845 2560 bus,
863 2513 932 2562 quac
946 2497 980 2546 ad
997 2511 1074 2547 suam
1088 2497 1207 2561 ipsorum
1223 2496 1320 2546 civita-

778 2571 832 2616 tem
857 2567 1038 2630 pertinerent,
1067 2566 1146 2615 unice
1170 2567 1260 2616 coacti
1282 2565 1319 2615 ad

779 2635 944 2700 praestanda
960 2636 1105 2702 quaedam,
1122 2634 1220 2686 bellum
1236 2635 1261 2684 si
1273 2650 1319 2685 ex-

779 2709 866 2755 ortum
878 2711 957 2756 esset.
985 2705 1088 2769 Singuli
1101 2703 1266 2768 singularum
1280 2705 1319 2754 ci-

779 2775 910 2838 vitatum,
929 2791 999 2841 quse
1015 2775 1079 2825 huic
1093 2773 1195 2824 foederi
1215 2774 1318 2825 adscri-

778 2848 840 2908 ptae
855 2849 947 2907 erant,
964 2844 1047 2908 legati
1057 2845 1183 2908 Spartam
1198 2843 1318 2894 aliumve

777 2916 805 2962 in
825 2913 911 2964 locum
930 2929 947 2963 a
966 2914 1124 2979 Spartanis,
1147 2927 1230 2977 penas
1250 2929 1317 2977 qnos

777 2985 947 3034 convocandi
958 2985 998 3034 ina
1012 2983 1097 3033 iuisce
1108 2981 1230 3046 videtur,
1247 2983 1318 3032 indi-

777 3057 868 3103 cutum
882 3068 1046 3112 convenere,
1058 3053 1092 3102 de
1106 3052 1187 3101 rebus
1199 3067 1318 3102 commu-

778 3122 857 3172 nibus
871 3122 1067 3180 consultatori,
1081 3122 1171 3186 pronti
1182 3137 1225 3172 ras
1238 3121 1315 3183 tulit3

777 3208 827 3241 nec
840 3191 921 3241 aliam
934 3191 992 3241 iere
1006 3193 1034 3240 in
1048 3192 1099 3241 hoc
1111 3195 1191 3240 coetu
1205 3206 1317 3256 praero-

776 3261 897 3326 gativam
907 3260 1034 3310 habuisse
1044 3261 1169 3311 videntur
1176 3260 1316 3324 Spartani,

185 3329 277 3402 ipitsr.n
776 3330 829 3379 nisi
842 3331 913 3395 quod
925 3331 996 3380 inter
1008 3331 1136 3379 civitates
1149 3345 1237 3394 aeque
1250 3330 1317 3382 libe·

220 3385 248 3452 ἐς
261 3409 276 3443 o
291 3385 500 3458 καταφεύγουσι
519 3390 549 3445 oi
561 3395 725 3458 Πεισιστρα-
775 3415 821 3450 ras
840 3399 1048 3450 confoederatas
1072 3399 1221 3464 principem
1245 3400 1316 3450 obti-

185 3459 273 3526 τίδαι]
293 3463 356 3514 Vid.
374 3479 458 3527 cupra
474 3481 533 3530 usp.
550 3468 584 3519 65
601 3460 680 3531 (μετὰ
694 3462 725 3514 δὲ
776 3474 870 3518 nerent
888 3468 985 3520 locum.
1022 3468 1063 3518 Oi.
1083 3468 1207 3530 Thucpd.
1225 3468 1251 3528 Ι,
1269 3470 1313 3521 67.

184 3526 361 3598 ἐξεχώρησαν
371 3521 397 3587 ie
405 3530 519 3596 Σίγειον
529 3549 553 3587 κ,
563 3551 586 3584 τ.
595 3534 632 3600 λ.)
642 3553 648 3586 :
662 3536 724 3586 inde
775 3537 857 3588 Plura
866 3537 898 3588 de
907 3536 1046 3603 hocl‘elop
1067 3539 1219 3588 nneeiorum
1230 3554 1251 3589 s.
1260 3539 1316 3588 Do·

185 3605 251 3654 haec
265 3601 349 3653 verba
362 3605 392 3650 ut
406 3606 534 3664 suspecta
547 3605 624 3654 uncis
638 3605 724 3656 incln-
774 3607 889 3658 nicarum
904 3607 1025 3671 gentium
1041 3555 1149 3674 eredere
1166 3608 1223 3657 vid.
1240 3609 1315 3672 apud

185 3673 222 3724 ait
233 3669 389 3732 Sohaeiea,
411 3671 509 3733 quibus
526 3688 575 3736 ego
589 3673 647 3723 iure
659 3674 724 3724 mihi
774 3677 913 3727 Kantion:
933 3677 1060 3742 Beitrtige
1077 3693 1099 3726 z.
1112 3676 1278 3727 Gesuhiclrte
1288 3678 1314 3726 d.

186 3743 234 3796 illa
249 3741 383 3791 liberasse
394 3738 498 3793 videor.
529 3741 597 3790 Nam
610 3744 679 3794 satie
691 3759 724 3793 es
774 3744 872 3796 hellen.
892 3750 943 3796 ete.
962 3761 1023 3810 pag.
1037 3746 1069 3797 31
1086 3761 1160 3809 seqq.
1180 3749 1214 3795 44
1227 3761 1313 3812 seqq„

185 3813 257 3863 tueri
275 3809 396 3867 videtur,
415 3813 445 3857 nt
463 3808 592 3860 librorum
611 3813 724 3876 scripto·
775 3813 977 3865 Wacbsmnth.:
997 3815 1104 3865 Hellen.
1116 3814 1312 3866 Alterthumsk.

187 3897 244 3933 rum
255 3879 445 3931 anctoritatem
455 3879 587 3938 omittam,
601 3880 660 3944 ipsa
672 3882 725 3930 He·
775 3885 798 3934 1.
812 3899 873 3948 pag.
888 3883 937 3933 180
950 3897 1005 3948 aeq.
1021 3883 1068 3933 ⁰221
1082 3899 1137 3948 seq.
1151 3883 1202 3934 807
1214 3899 1270 3948 seq.
1286 3890 1315 3934 et

188 3951 277 4002 rodoti
296 3945 463 3999 consuetudo
489 3947 557 3998 talia
577 3948 724 4000 lectoribus
776 3953 921 4017 praecipue
939 3953 1012 4016 apud
1026 3952 1055 4002 0.
1069 3953 1099 4005 P.
1113 3953 1312 4003 Hermunnum:

187 4023 215 4072 in
234 4017 630 4071 mantemrevoosresolautis.
666 4020 724 4068 Ma·
775 4021 882 4071 Gricch.
908 4020 1112 4071 Staatsalterth.
1137 4021 1161 4083 ἐ.
1185 4021 1228 4072 34.
1270 4022 1313 4072 Ad

185 4093 227 4156 gis
238 4088 369 4139 arrideret
378 4082 546 4149 κατέφυγον,
558 4086 630 4151 quod
641 4089 724 4137 otiam
774 4091 856 4141 verba
868 4083 1092 4153 συγγινώσκομεν
1103 4083 1234 4138 αὐτοῖσιν
1244 4081 1314 4153 ἡμῖν

186 4157 441 4223 Schweighaeusero
450 4171 502 4205 non
510 4155 650 4220 displicuit
671 4155 724 4206 Sed
775 4153 810 4208 od
823 4155 956 4223 ποιήσασι
973 4157 1001 4222 (i.
1016 4175 1038 4208 e.
1051 4160 1176 4220 solemio,
1190 4161 1314 4220 nosipsos

186 4228 266 4281 codd.
278 4243 332 4277 uon
344 4226 483 4276 addicunt.
513 4225 724 4285 Quiiidemom·
774 4243 823 4277 nou
840 4228 1026 4291 reetefecirse)
1043 4227 1312 4290 coni.nott.adIV,

186 4313 234 4349 neu
248 4295 375 4347 exhibent
390 4285 418 4351 ἐς
433 4284 464 4356 δ’,
480 4293 641 4358 εΒελιλεετο,
657 4295 724 4344 Din·
773 4297 808 4348 43
825 4300 854 4345 st
872 4297 906 4346 ad
920 4296 1003 4346 verba
1024 4285 1197 4358 ἐπαρθέντες
1214 4287 1314 4360 κιβδή-

188 4366 269 4420 dortio
290 4369 317 4416 et
334 4363 475 4415 Diatsohio
493 4367 626 4415 mutatum
649 4365 677 4415 iu
695 4353 723 4422 le
774 4363 847 4414 λοισι
856 4360 1017 4430 μαντηίοισι
1028 4365 1131 4430 conii,
1140 4366 1187 4426 δός
1200 4365 1234 4416 de
1243 4379 1313 4417 voce
