2986 5014
472 899 825 1010 'nxounsus
868 933 886 1008 1

397 1104 465 1168 AD
499 1101 836 1168 HERODOTUM
866 1100 910 1185 V,
942 1105 992 1166 66.

178 1425 264 1492 Μετὰ
284 1429 315 1492 δὲ
331 1425 560 1510 τετραφύλους’
547 1423 645 1502 εόντας
661 1422 835 1506 Ἀθηναίους
852 1421 1035 1502 δεκαφύλους
1044 1423 1177 1528 ἐποίησε,
1198 1427 1257 1488 roto

253 1512 357 1587 Ἴωνος
377 1515 509 1592 παίδων,
533 1513 691 1612 Γελέοντος
709 1537 759 1574 και
751 1508 955 1596 Αἰγικόρεος
975 1510 1025 1573 καλ
1044 1503 1193 1594 Ἀργσῖδεω
1208 1512 1258 1574 καλ

250 1595 398 1678 Ὅπλητος
410 1592 626 1674 ἀπαλλάξας
595 1623 646 1671 τας
660 1595 835 1678 ἐπωνυμίας.

219 1773 307 1841 Vulgo
321 1751 447 1839 cucurriunt,
462 1775 563 1840 Ionem,
579 1773 663 1826 Xuthi
674 1774 733 1844 (qui
746 1771 891 1826 Erechthei
902 1779 1021 1842 tempore
1033 1772 1060 1823 in
1074 1771 1163 1825 Attica
1175 1778 1257 1827 tetra-

135 1859 190 1928 poli
206 1859 364 1911 consedisse
381 1858 483 1924 fertur)
496 1858 538 1911 vel
554 1859 646 1928 potius
658 1858 792 1928 Apollinis
808 1865 836 1908 et
851 1857 973 1908 Creusae
986 1856 1077 1924 filiurn,
1093 1857 1199 1910 incolas
1210 1877 1260 1928 pro

135 1944 208 1996 vitae
220 1959 322 2012 genere
333 1949 415 2012 atque
428 1943 546 2010 negotiis
554 1962 603 2013 per
615 1951 745 2012 quattuor
755 1943 844 1994 tribus
855 1937 973 2012 (φυλὰς)
982 1941 1158 1994 distribuisse
1169 1943 1260 2012 iisque

135 2029 243 2081 nomina
263 2027 442 2097 imposuisse,
464 2045 535 2098 quae
558 2029 592 2079 ob
609 2027 684 2079 lonis
708 2027 772 2079 liliis
788 2026 905 2096 repetita
925 2025 958 2077 sd
975 2024 1048 2078 ritae
1068 2043 1157 2093 genus
1178 2035 1206 2079 et
1226 2027 1260 2078 ad

135 2113 330 2184 occupationes
350 2111 498 2165 incolarum
513 2112 714 2182 spectaverint:
735 2129 805 2181 quae
825 2111 886 2180 ipsa
907 2111 1014 2162 nomina
1031 2110 1151 2163 tribuum
1169 2111 1261 2181 qualia

135 2199 241 2251 iruerint
256 2197 356 2268 quidve
372 2191 563 2264 significarint,
578 2198 612 2249 de
628 2215 660 2248 eo
676 2201 771 2250 nostra
790 2189 879 2250 aetate
899 2195 1010 2247 multum
1025 2195 1178 2264 quaesitum
1199 2214 1261 2248 esse

136 2301 214 2336 neruo
229 2284 287 2334 lere
302 2279 459 2350 ignorat.*)
491 2281 580 2353 Atque
595 2289 625 2334 ut
647 2283 680 2332 ab
700 2281 768 2350 ipsis
791 2281 919 2334 tribubus
940 2282 973 2332 ab
988 2279 1128 2332 Herodoto
1149 2299 1261 2334 coanne-

136 2367 247 2420 moratis
266 2365 402 2433 exordiar,
424 2365 516 2436 piures
539 2367 633 2436 utique
652 2365 830 2435 reperiuntur
850 2365 1022 2437 antiquitatis
1043 2371 1145 2430 testes,
1169 2365 1261 2418 eadem

136 2453 194 2504 lere
210 2451 243 2504 de
259 2451 300 2503 his
315 2452 456 2504 trudentes
472 2451 618 2522 eademque
631 2452 750 2503 tribuurn
766 2451 873 2504 nornina
891 2451 1077 2522 proferentes:
1097 2449 1125 2500 in
1148 2451 1260 2519 quibus,

137 2545 167 2588 ut
185 2535 381 2606 inscriptiones
397 2541 499 2590 tecemu
520 2554 579 2589 mox
602 2537 772 2602 afferendas,
793 2535 907 2605 primum
929 2535 987 2587 lere
1002 2531 1088 2586 locum
1107 2541 1185 2588 tenet
1199 2535 1261 2586 Pol·

135 2621 181 2674 lux
201 2621 275 2684 Vlll,
293 2623 351 2687 tuo,
370 2619 442 2690 apud
458 2637 537 2691 quern
556 2637 643 2692 seque
659 2627 741 2690 atque
760 2621 833 2690 apud
847 2619 1014 2672 Herodotum
1036 2619 1101 2671 haec
1115 2619 1260 2688 leguntur:

134 2699 191 2760 ἇπδ
198 2708 253 2760 τῶν
263 2697 355 2768 Ἰωυος
363 2706 472 2760 παίδων
483 2700 528 2760 ἐπὶ
539 2699 687 2775 Ἐρεχθέως
695 2702 846 2774 Γελέοντες,
853 2697 997 2773 Ὅπλητες,
1003 2700 1164 2772 Αἰγικορεῖς,
1169 2697 1262 2774 Ἀργολ-

134 2793 207 2857 δεις;
225 2809 314 2861 neque
326 2791 405 2844 aliter
417 2791 501 2844 tradit
516 2791 672 2860 Stephanus
686 2791 753 2858 Bya.
770 2809 793 2842 s.
809 2809 836 2842 τ.
851 2783 1027 2859 Αἰγικόρεος·
1039 2782 1091 2842 οὐκ
1105 2786 1159 2843 ἔστι
1174 2791 1262 2859 δῆμος

134 2877 183 2945 τῆς
202 2871 337 2944 Ἀττικῆς,
358 2870 395 2938 οἷς
416 2895 497 2946 τινες,
510 2871 579 2930 ἀλλὰ
600 2871 673 2944 φυλὴ
692 2870 810 2942 παλαιὰ,
832 2879 881 2945 plot
899 2877 955 2929 ταῖν
972 2868 1111 2943 τεσσάρων
1133 2875 1189 2928 τῶν
1204 2868 1260 2928 οἷπὸ

129 2955 238 3021 Ἴωνος·
254 2957 377 3027 τέσσαρες
392 2956 416 3014 δ
432 2956 459 3026 ἐξ
475 2955 561 3014 αὐτοῦ
576 2958 737 3030 Αἰγικορεῖς,
751 2954 898 3030 Ἐργαδείς,
923 2958 1073 3031 Γελέοντες,
1084 2954 1261 3032 ’οπλήτανὴ

136 3039 210 3113 φυλὴ
231 3046 325 3097 τοίνυν
345 3041 491 3113 Αλγικορίς.
529 3045 580 3096 Hir
596 3047 700 3098 accedit
712 3045 862 3116 Euripides
876 3047 904 3100 in
925 3047 1000 3100 Ionis
1016 3045 1123 3113 sabula,
1149 3047 1194 3098 ubi
1217 3065 1260 3100 va.
1303 3075 1313 3100 ι
1340 3038 1344 3046 ’

140 3131 205 3182 1509
219 3146 296 3197 seqq
313 3127 356 3180 ed.
373 3129 521 3182 Hermann.
537 3133 619 3200 (1579
635 3131 813 3197 Drndlhnec
829 3131 973 3201 leguntur

303 3237 411 3289 Τελέου
428 3235 593 3322 [Γελέων**]
612 3234 662 3328 piu
677 3235 752 3294 ἔσται
767 3243 887 3326 πρῶτος,
900 3234 1102 3306 εἷταδεδτερον

297 3299 446 3390 ΖΟπλιγτες,
458 3302 633 3376 Ἀργαδῆγ,·τ’1
649 3301 780 3376 ipipge'
764 3330 802 3362 απ
804 3305 933 3376 Ηιιιγίςδο

300 3393 330 3428 εν
342 3378 436 3442 φυλσν
448 3375 537 3441 ἲξουσ
551 3375 710 3446 Αἰγικοριγς.

136 3487 261 3550 Quartus
295 3485 377 3538 testis
413 3485 483 3538 haud
518 3488 606 3540 minus
644 3487 780 3558 locuples,
816 3487 978 3540 Plutarchus
1016 3489 1041 3542 in
1068 3491 1123 3543 Vit.
1153 3491 1263 3546 Solonis

136 3591 195 3640 cop.
223 3573 272 3639 23,-
302 3571 368 3623 haec
392 3571 501 3624 scribit:
532 3571 580 3625 καλ
613 3567 663 3634 τὰς
697 3566 786 3640 φυλὰς
816 3569 886 3626 riola
919 3569 948 3626 οἷ
973 3572 1094 3642 λέγοντες
1125 3571 1176 3631 οὐκ
1207 3570 1262 3629 ἀπὸ

135 3657 190 3708 τῶν
201 3649 296 3718 Ἴωνος
310 3652 388 3724 otoo,
403 3649 458 3710 ἀλλ’
477 3651 532 3710 ἀπὸ
551 3658 606 3710 τῶν
625 3659 722 3728 γενῶν,
741 3655 779 3720 εἰς
796 3649 815 3710 δι’
831 3655 1001 3728 διῃρέθησαν
1025 3656 1054 3712 oi
1074 3663 1128 3732 βίοι
1139 3655 1170 3714 τὸ
1190 3661 1260 3728 πρῶ·

135 3758 197 3809 τον,
218 3733 397 3810 ὠνομάσθαι,
413 3735 443 3794 cd
456 3737 505 3810 pir
518 3736 639 3812 μάχιμον
649 3737 792 3812 Ὁπλίτας,
808 3737 838 3796 td
852 3737 874 3796 δ
887 3736 1030 3811 ἐργατικὸν
1044 3738 1262 3814 Ἐργολδεις,***)

138 3889 334 3899 --...---.

205 3975 232 4040 *γ
250 3975 324 4025 llaec
340 3977 387 4040 qui
401 3989 564 4042 cognoscere
579 3978 683 4062 cupiat,
698 3978 780 4029 sdost
793 3977 1042 4030 Wschsrnutlrium:
1057 3979 1163 4030 Hellen.
1178 3979 1265 4030 Alter·

137 4043 257 4094 thuruch.
272 4045 293 4096 l.
310 4057 336 4109 p.
350 4045 402 4096 tot
414 4047 457 4099 ed
472 4047 529 4098 sed.
548 4051 640 4098 varias
656 4063 775 4098 vrrornnr
787 4049 926 4100 doctorum
940 4049 1140 4113 dusputstrones
1153 4049 1265 4101 afferen

137 4114 1265 4266 ‘⁰¹¹¹altit·tlt.diffinisti..ittirhs‘tlt‘lulh....

135 4257 264 4318 quantum
277 4254 404 4304 norimus
419 4253 496 4304 libris
511 4255 620 4320 seriptis
636 4257 782 4308 invenitor.

205 4321 265 4386 m¹)
279 4323 374 4373 Malim
388 4323 513 4406 equidem
525 4325 645 4376 scribere
655 4313 816 4391 ῃὈιτλητας
811 4331 838 4377 et
848 4315 1008 4408 Ἐργαδεῖςς
1026 4320 1168 4391 Ἐργαδεῖς
1182 4327 1266 4378 scribi

135 4405 241 4457 quoqne
252 4391 465 4444 vultDindorl.¹
458 4409 485 4443 rn
496 4392 577 4446 Thes.
587 4395 618 4450 1..
626 4395 671 4447 Gr.
685 4397 736 4447 lll.
747 4413 773 4462 p.
782 4397 856 4448 1968.
868 4388 1265 4462 ilpyoidrrrplscuitlioeelrhio

135 4462 164 4512 ln
179 4463 326 4516 llissertst.
337 4478 400 4513 mox
417 4461 434 4511 l.
450 4463 531 4514 initio
546 4469 629 4533 atque
643 4465 805 4518 Muellerol.
821 4467 913 4522 moxi
927 4481 989 4534 pag.
1005 4467 1049 4520 83.
