3002 4972
419 359 790 424 TERPSIOHORE.
813 361 851 424 V.
873 370 916 427 92.
938 371 987 414 tt.

1213 365 1272 428 183

278 523 398 609 Ὄλβιος
414 514 501 602 οὗτος
515 520 610 609 devie,
626 522 659 604 ὃς
675 521 745 608 ἐμὸν
761 523 851 609 δόμον
866 527 1069 609 ἐσκαταβαίνει
1075 573 1085 608 ,

287 625 423 710 Κύψελος
435 621 584 710 Ἠετίδης,
599 623 736 709 βασιλεύς
750 636 876 692 κλειτοῖο
890 633 1062 713 Κορίνθου·

132 834 266 902 Cypselus
279 835 404 901 quamvis
418 850 434 886 a
449 835 552 886 Sosicle
565 836 674 887 liberta·

132 907 170 956 tis
193 905 317 957 studioso
335 921 383 970 pro
404 911 520 970 tyranno
543 905 676 957 habeatur

130 976 359 1040 vehementerque
372 983 525 1038 accusetur,
541 975 609 1026 alios
624 975 670 1026 ali·

131 1051 173 1096 ter
197 1051 289 1095 tamon
310 1045 343 1094 de
366 1061 398 1095 eo
421 1045 557 1095 iudicasse
583 1051 673 1096 monet

130 1115 202 1164 idem
215 1115 337 1165 Mueller.
351 1113 369 1165 l.
382 1113 399 1163 l.
417 1130 478 1180 pag.
499 1115 547 1166 165
564 1115 625 1165 coll.
640 1115 671 1167 C.

130 1185 259 1248 Wagner.
273 1185 315 1233 De
330 1184 479 1234 Periandro
492 1201 517 1250 p.
531 1186 555 1236 4.
568 1186 593 1234 5.
617 1186 672 1236 Pa·

130 1253 172 1304 cis
186 1254 256 1303 enim
271 1253 326 1302 t'uit
336 1254 485 1316 studiosus,
499 1270 548 1304 nec
560 1254 616 1306 ulla
629 1271 672 1304 sa·

129 1321 246 1372 tellitnm
274 1338 355 1372 manu
383 1322 506 1374 firmatus
544 1339 600 1374 rem
625 1341 673 1390 pu-

129 1391 228 1442 blicam
258 1392 462 1442 sdministravit
488 1393 672 1458 populumque

128 1462 217 1526 ipsum
230 1462 348 1512 maxima
364 1462 450 1512 tuitus
465 1467 520 1522 cet,
541 1463 610 1513 bone
625 1463 671 1516 ille

128 1531 236 1596 quidem
249 1545 363 1594 memor,
381 1547 398 1580 a
418 1532 516 1596 quibus
530 1532 565 1582 ad
583 1533 610 1582 id
625 1549 670 1596 po-

128 1601 235 1650 tentiae
252 1599 393 1664 fastigium
411 1601 448 1648 sit
465 1607 585 1653 evectus.
618 1604 671 1664 Qui

127 1669 199 1719 idem
219 1671 274 1718 iam
297 1673 353 1719 tum
378 1668 563 1720 aedificiorum
585 1671 670 1722 moles

128 1739 308 1790 exstruendus
321 1739 474 1804 suscepisse
492 1741 591 1804 fertur,
610 1741 668 1793 sive

126 1811 228 1860 artium
244 1809 336 1858 studio
350 1809 464 1873 quodam
479 1809 586 1872 duetus,
600 1811 668 1872 sive,

126 1883 158 1929 ut
170 1878 332 1930 Aristoteles
350 1879 435 1928 tradit
447 1878 526 1932 Polit.
540 1881 578 1942 V,
598 1879 631 1942 u,
652 1883 667 1932 4

128 1965 198 2016 εεη.,
210 1965 262 2014 quo
272 1947 361 2013 plebis
371 1949 477 1997 animos
489 1964 505 1996 a
517 1964 606 1998 rerum
618 1966 667 2014 pu-

126 2017 668 2083 blicerumcuraaverterotsimulquevi-

125 2093 200 2138 ctum
215 2087 306 2152 egenis
320 2087 472 2150 praeberet.
497 2087 537 2138 Ac
549 2091 582 2148 si,
596 2089 667 2153 quod

124 2157 151 2207 h.
169 2157 188 2207 l.
210 2161 289 2221 urget
303 2155 440 2218 Sosicles,
456 2172 551 2206 revera
568 2156 613 2208 illc
628 2159 665 2208 ci-

123 2244 173 2278 vcs
188 2226 288 2276 multos
302 2226 391 2286 eiecit,
404 2225 502 2275 multos
515 2227 584 2287 vita,
600 2226 665 2276 rnul-

123 2303 168 2348 tos
182 2296 281 2360 opibus
295 2295 426 2360 privavit,
440 2295 491 2346 hoc
502 2295 619 2346 fortasse
631 2295 665 2347 ad

123 2365 220 2416 turbas
239 2364 409 2416 referendum
430 2381 463 2414 ac
482 2365 631 2416 seditiones
649 2383 665 2415 a

122 2434 288 2486 Bacchiadis
316 2435 429 2499 imperio
450 2435 541 2485 erutis
563 2441 664 2494 motas;

122 2505 222 2570 quibus
243 2520 276 2554 ne
296 2505 421 2570 tyrannis
438 2521 531 2554 recens
552 2505 665 2554 condita

122 2578 305 2636 everteretur,
319 2578 451 2638 =tyranno
479 2576 664 2624 necessarium

121 2645 209 2694 fuisse
222 2643 345 2706 videtur,
364 2649 395 2694 ut
408 2643 574 2694 Bacchiadas
594 2644 664 2694 sedi·

121 2715 227 2763 tionum
241 2717 367 2764 auctores
386 2711 495 2763 tolleret
509 2719 558 2762 aut
573 2715 663 2779 patrici

122 2783 279 2848 expelleret.
293 2783 335 2832 Cf.
344 2783 470 2848 Wagner.
482 2781 523 2834 l.l.
531 2799 556 2848 p.
568 2785 583 2833 5
596 2784 661 2849 ibiq.

120 2851 480 2918 Strcb.v111p.378p.580.
498 2851 663 2904 Confirman-

122 2929 165 2972 tur
176 2921 244 2972 haec
255 2923 409 2974 narratione
420 2921 662 2973 NicolDamascc-

120 2991 660 3057 ni,quitestatureos‚quosBacchisdae

120 3062 237 3112 infamis
261 3063 445 3122 notavissent,
470 3066 612 3112 revocatos
634 3068 662 3112 ct

120 3134 265 3181 restitutos
281 3147 340 3182 esse
353 3147 369 3181 a
382 3129 512 3195 Cypselo,
525 3147 572 3182 eos
586 3148 659 3192 vcro,

119 3203 166 3266 qui
181 3202 234 3266 ipsi
249 3203 336 3251 minus
350 3201 489 3262 tererent,
509 3201 620 3250 colonos
633 3202 660 3251 in

118 3271 273 3322 Leucadem
295 3276 322 3320 et
339 3271 516 3320 Anactorium
534 3271 660 3322 dimissos

119 3340 303 3390 esssdncibus
314 3341 400 3405 ipsius
411 3339 474 3388 tiliis
485 3339 660 3401 nothis,Bac-

117 3409 233 3460 clriadas
250 3425 314 3460 vero
329 3411 356 3458 lu
371 3409 481 3460 exilium
496 3410 594 3458 missos
614 3410 661 3460 bo·

115 3481 216 3544 nisque
228 3485 323 3530 exutos
336 3495 405 3530 esse.
429 3478 481 3528 His
495 3478 571 3528 addit
579 3479 658 3530 Nico-

114 3548 193 3599 laus:
213 3541 346 3604 Κύψελος
358 3543 387 3598 δὲ
399 3544 549 3610 Κορίνθου
563 3540 660 3611 πράως

114 3607 223 3682 ἦρχεν,
236 3611 301 3666 οὔτε
316 3610 497 3680 δορυφόρους
509 3611 580 3682 ἔχων
594 3607 657 3666 οὔτ’

114 3683 285 3748 ἀκοθιῗμιος
304 3679 345 3734 εῖν
371 3685 556 3749 Κορινθιόιςι
586 3689 657 3752 quod

113 3755 227 3807 Nicolsi
241 3757 367 3806 iudicium
380 3759 406 3806 in
417 3758 573 3808 universum
585 3774 656 3808 com-

30 3841 34 3847 ·
113 3827 359 3892 probatKortiim:
386 3826 491 3878 Griech.
510 3827 608 3878 Gesclr.
634 3829 655 3878 I.

113 3911 179 4016 plag.
194 3897 253 3947 215.
283 3895 352 3948 Add.
367 3897 505 3948 Duncker.
524 3897 542 3948 l.
558 3897 574 3948 l.
592 3913 655 3964 pag.

143 4057 258 4134 Ὄλβιος
274 4052 357 4124 οὖτος
371 4058 457 4133 ἀνὴρ]
479 4069 581 4119 lisdem
597 4083 656 4117 ver·

113 4138 174 4198 bis,
197 4142 325 4188 monente
337 4139 533 4203 Wcsselingio,
555 4137 654 4202 Pythia

113 4207 305 4257 advenientem
312 4207 462 4258 Hesiodum
473 4208 605 4258 salutavit
615 4213 655 4256 at-

113 4293 165 4341 que
179 4277 262 4326 etiam
274 4276 420 4338 Theseum
437 4283 468 4327 ut
479 4293 545 4327 sarie
558 4277 655 4328 solom-

113 4362 147 4396 ns
158 4346 210 4396 hoc
223 4346 309 4396 luisse
319 4347 443 4396 videatur
452 4347 602 4398 exordium.
621 4345 653 4394 ln

113 4415 218 4467 oraculi
233 4415 356 4468 versibus
374 4416 584 4468 alliterationem
601 4415 655 4464 ire-

726 841 852 902 quentcm
868 837 1025 888 observavit
1039 837 1171 902 (liittliug.
1185 838 1265 888 Prae-

725 907 775 955 fat.
796 907 825 956 in
838 905 951 956 Hesiod.
966 923 992 971 p.
1006 905 1122 957 XXXIV
1142 905 1183 958 od.
1200 923 1265 970 sec,

726 976 773 1041 qui
793 977 863 1025 idem
888 977 916 1026 in
933 977 1041 1026 lenensi
1067 985 1265 1041 programmate

724 1048 789 1095 suni
803 1045 978 1097 rste—1856
993 1045 1044 1096 hoc
1056 1045 1195 1096 oraculum
1212 1051 1265 1096 tra-

723 1120 802 1164 ctans
819 1115 973 1179 suspicatur
990 1115 1077 1164 altero
1099 1131 1179 1165 versu
1199 1119 1264 1166 scri-

722 1185 839 1234 bendum
863 1199 938 1234 esse:
971 1178 1103 1246 Κύψελος
1124 1175 1262 1234 Ἠετίω-

724 1268 784 1310 νος
798 1245 885 1314 ἅναξ
899 1253 1020 1302 κλειτοῖο
1034 1253 1194 1316 Κορίνθου.
1210 1256 1263 1305 l‘ro
1332 1279 1346 1298 ι

723 1312 916 1389 ἐσκαταβαίνει
929 1323 1060 1374 Valcken.
1075 1327 1161 1388 magis
1173 1322 1263 1388 placc-

722 1397 765 1443 ret
778 1386 965 1454 εἰσαφικάνει,
987 1393 1065 1442 modo
1085 1393 1147 1442 libri
1161 1395 1262 1443 vetusti

721 1461 772 1512 hoc
788 1462 925 1512 atl'orrent.
953 1463 991 1511 Ac
1010 1461 1111 1526 legitur
1130 1478 1195 1512 sanc
1211 1463 1262 1513 hoc

721 1532 749 1581 in
762 1531 845 1582 Dion.
858 1531 1010 1596 chrysost,
1020 1533 1069 1596 qui
1083 1531 1164 1596 vulgo
1180 1531 1261 1582 halre-

721 1605 775 1664 tur,
792 1600 1096 1651 orationeCorintlriaca
1107 1600 1260 1666 (XXXVII)

721 1686 781 1735 pag.
797 1669 862 1732 456,
882 1670 928 1720 ubi
949 1671 1030 1720 iidem
1045 1670 1148 1720 oraculi
1165 1687 1260 1722 versus

719 1739 907 1804 proteruntur,
919 1743 1042 1805 exceptis
1055 1740 1169 1790 vocibus
1185 1741 1261 1790 tertii

718 1808 867 1860 versiculi:
895 1805 1008 1858 παίδων
1034 1823 1063 1873 γε
1084 1802 1136 1873 μὲν
1165 1802 1259 1859 οὐκέτι

719 1876 829 1935 παῖδες.

755 1972 886 2043 Κύψελος
901 1969 1039 2046 Ἠετίδης]
1064 1984 1116 2032 Pro
1130 1973 1258 2048 Ἠετίδης

718 2051 789 2116 apud
803 2050 904 2100 Euseb.
921 2051 951 2104 P.
969 2053 1001 2104 E.
1015 2052 1047 2114 V,
1061 2051 1095 2101 35
1110 2047 1255 2117 Αἰακίδης,

719 2121 861 2179 mendose,
878 2120 925 2170 aed
939 2137 972 2170 ex
993 2137 1062 2186 quo,
1076 2121 1256 2173 Valckenario

718 2189 822 2252 iudice,
845 2204 910 2238 vora
936 2191 1017 2240 lectio
1039 2184 1169 2253 Αίετίδης
1197 2193 1256 2242 crui

717 2261 818 2324 possit,
834 2275 893 2308 cum
914 2260 1000 2322 patris
1013 2274 1110 2309 nomen
1122 2259 1208 2310 suerit
1220 2263 1256 2310 ab

716 2323 798 2385 αἐτός
812 2329 920 2378 ductum
928 2323 1054 2390 Ἠετίων,
1062 2328 1133 2378 sicut
1143 2329 1176 2378 ab
1186 2321 1257 2392 clpa-

716 2398 772 2456 θος
795 2398 873 2448 tluxit
890 2389 1017 2460 Ἠμαθία
1037 2402 1120 2462 atquo
1135 2387 1256 2460 Ἠμαθί-

716 2483 765 2526 ων,
780 2468 814 2517 ab
825 2457 930 2530 ἄνεμος
942 2483 995 2516 vox
1005 2457 1144 2530 ἠνεμόεις,
1160 2467 1215 2516 alia
1228 2467 1255 2516 id

715 2553 816 2602 genus,
830 2538 870 2586 ita
882 2541 913 2586 nt
926 2553 980 2586 non
990 2527 1118 2598 Ἠετίδης
1131 2535 1178 2584 sed
1194 2532 1229 2584 Αί
1243 2567 1254 2575 -

714 2603 795 2670 τίδης
806 2607 1022 2672 patronymicum
1034 2605 1147 2654 lor-mari
1156 2605 1257 2655 debue-

713 2677 751 2727 rit
763 2677 797 2726 sb
809 2668 911 2732 αίετός,
924 2682 955 2726 ut
964 2677 1044 2726 Iones
1059 2679 1142 2740 atque
1154 2678 1254 2740 potitae

713 2747 806 2796 dixere
819 2748 936 2811 aquilem,
946 2761 1007 2797 curn
1022 2745 1057 2795 ab
1071 2737 1186 2792 Ἠετίων
1201 2760 1254 2794 non

714 2818 768 2866 nisi
780 2807 961 2880 ’ίίετιωνίδης
975 2815 1054 2865 nasci
1069 2817 1199 2879 potuerit,
1213 2821 1254 2864 to-

714 2893 754 2936 ste
774 2885 921 2936 Eustathio
937 2886 972 2934 ad
992 2885 1035 2934 Ili.
1058 2885 1096 2933 ll.
1116 2899 1180 2948 pag.
1202 2883 1254 2934 ‘288

713 2973 735 3005 s.
750 2956 811 3018 218,
825 2955 855 3006 13
871 2955 929 3004 coll,
941 2954 1061 3020 Etymol.
1077 2967 1137 3018 pag.
1154 2953 1211 3010 109.
1226 2953 1252 3003 8.

713 3025 828 3075 Accedit
855 3024 889 3074 ad
910 3025 977 3073 haec
1002 3022 1060 3088 (ita
1081 3023 1168 3087 pergit
1188 3022 1252 3071 Val-

711 3095 819 3158 σεται),
835 3095 863 3143 in
875 3094 986 3144 oraculo
999 3093 1114 3157 primum
1128 3093 1201 3142 edito
1216 3091 1255 3141 le-

711 3166 738 3229 gi
750 3156 847 3220 Αίετὸς
861 3153 891 3210 lv
905 3155 1022 3226 πέτρῃσι
1038 3156 1114 3223 κύει,
1128 3157 1201 3221 ιε’ξει
1220 3155 1252 3210 δὲ

711 3227 825 3283 λέοντας
845 3232 918 3282 odito
933 3231 1053 3282 secundo
1068 3229 1178 3280 oraculo
1199 3245 1252 3280 non

711 3303 856 3352 difficulter
866 3301 1059 3352 intellexerunt
1069 3299 1252 3361 Bacchiadae,

710 3366 810 3422 Αίετόν
824 3386 884 3422 esse
898 3365 952 3419 τὸν
962 3361 1106 3418 ’Ἠετίωνα
1133 3369 1209 3418 Haec
1220 3368 1251 3417 il·

709 3443 751 3505 le,
774 3443 823 3507 qui
841 3439 913 3504 quod
931 3439 965 3488 ab
985 3428 1102 3486 Ἠετίων
1121 3453 1175 3487 non
1197 3438 1252 3487 nisi

704 3506 887 3573 Ἠετιανίδης
906 3507 1018 3558 formari
1039 3522 1118 3570 posse
1142 3507 1251 3566 statuit,

709 3597 805 3632 vereor
817 3584 848 3629 ut
859 3577 988 3629 assentiri
999 3576 1118 3640 possim:
1132 3576 1252 3626 brevita-

709 3654 745 3701 tis
757 3665 843 3700 causa
855 3648 925 3698 talia
936 3647 1049 3696 nomina
1063 3645 1252 3710 patronymica

709 3721 854 3770 decurtata
870 3715 984 3780 reperiri
1003 3713 1047 3777 (ut
1059 3710 1189 3778 ’Ἠετίδης
1203 3729 1251 3779 pro

706 3779 914 3851 Ἆετιωνιάδης)
932 3789 1008 3834 recte
1021 3783 1149 3833 observat
1162 3784 1252 3833 Sinte·

708 3859 751 3908 nis
770 3858 807 3908 ad
823 3854 964 3906 Plutarch.
984 3852 1159 3902 Themistocl.
1182 3869 1208 3916 p.
1223 3853 1249 3905 u.

708 3932 766 3979 Nec
780 3926 868 3990 magis
888 3924 987 3988 opinor
1008 3921 1180 3971 scribendum
1192 3915 1252 3968 Δίε-

706 3995 805 4059 τίδης,
824 3995 871 4045 ubi
884 3994 955 4043 satis
966 3992 1034 4041 bene
1044 3983 1171 4052 Ἠετίδης
1188 3991 1252 4038 reti-

707 4068 766 4118 neri
781 4065 881 4129 potnit.
903 4089 937 4098 -
955 4061 1008 4109 Pro
1022 4057 1160 4118 κλεινοῖο,
1180 4058 1253 4121 qood

706 4134 849 4187 Schaeicr.
863 4138 891 4182 et
904 4129 1002 4179 Matth.
1014 4127 1194 4188 retinuerunt,
1209 4127 1255 4178 de.

706 4207 735 4254 di
749 4202 874 4252 κλειτοῖο
889 4215 952 4249 cnm
965 4198 1079 4246 recentt.
1091 4193 1154 4246 edd.
1168 4197 1255 4248 eFlo.

706 4273 817 4325 sentino
829 4270 957 4332 aliisque.
975 4262 1097 4312 κλεινοῖο
1112 4261 1257 4327 legebatur

707 4340 836 4392 insimili
852 4351 935 4387 versu
952 4331 1025 4396 apud
1040 4330 1176 4390 Herodot.
1193 4339 1259 4406 Vll,

706 4413 769 4472 228,
782 4409 830 4458 ubi
842 4421 916 4456 nunc
930 4401 1014 4452 edum
1029 4398 1164 4456 κλειτοῖο.
