2986 5014
470 340 536 400 au
562 337 814 402 aanooou.
840 341 875 413 v,
900 347 943 404 a.
1190 319 1271 404 'aaa

136 511 247 579 acritate
266 509 447 586 ἠγωνίζοντο,
469 505 540 583 ὅπερ
560 510 609 567 aad
629 507 772 580 Σατ-υρικά
788 507 901 582 ἐλέγετο.
923 505 1085 582 ὕστερονδὲ
1104 510 1272 589 μεταβάντες

136 600 177 664 εἷς
192 597 222 656 τὸ
243 603 396 674 τραγῳδίας
413 594 545 668 γράφειν,
569 592 640 652 κατὰ
655 594 756 668 μικρὸν
770 596 808 660 εἰς
829 594 939 667 μύθους
954 597 1003 652 καὶ
1021 597 1140 668 locuplete
1154 597 1270 672 ἐτράπη-

35 739 36 742 ,
136 706 199 756 σαν,
221 684 315 756 μηκέτι
339 688 389 741 τοῦ
405 681 546 739 Διονύσον
562 685 625 752 (τοῦ
646 685 718 738 θεοῦ
734 683 829 752 Phot.)
844 679 1064 753 μνημονεύοντες
1079 706 1103 744 κ.
1116 707 1139 740 τ.
1155 691 1179 742 t.
1214 689 1268 741 Ubi

137 774 250 825 attende
273 771 307 824 ad
329 771 388 823 illa:
410 771 511 822 Postea
535 788 600 822 vero
621 769 779 837 tragoedias
800 771 922 822 scribere
942 772 1068 838 aggressi
1085 773 1212 840 paulatim
1234 776 1268 826 ad

109 849 111 854 ¹
134 861 242 924 sabulos
258 863 286 909 et
302 858 424 910 historias
438 858 609 924 deflexerunt,
626 859 728 908 arellam
745 857 842 908 Bocchi
860 857 1016 909 mentionem
1040 859 1153 927 amptius
1166 861 1268 921 facien-

136 955 185 998 tes.
228 943 298 996 Eius
321 942 359 995 rei
382 941 462 992 testis
482 940 611 992 laudatur
626 939 806 992 Chamaeleon
826 940 852 991 in
871 939 940 992 libro
962 941 995 992 de
1010 940 1158 1010 Thespide.
1204 945 1267 996 Nou

137 1027 257 1096 neglexit
269 1045 326 1078 eam
338 1044 403 1092 rem,
422 1025 469 1095 qui
482 1043 571 1094 nuper
583 1025 616 1077 de
630 1025 671 1076 his
686 1025 792 1076 artibus
805 1025 949 1093 ingeniose
962 1025 1114 1094 disputavit
1126 1028 1147 1079 l.
1162 1027 1265 1082 llanss.

135 1115 170 1166 ad
187 1112 344 1164 Aristotelis
371 1111 503 1180 poeticam
530 1112 563 1161 ab
587 1128 619 1162 eo
642 1109 740 1162 editam
762 1110 887 1179 append.
909 1129 937 1178 p.
964 1114 1089 1164 att—73
1114 1117 1142 1164 et
1167 1113 1265 1165 iterato

135 1197 306 1265 Boeclthius,
331 1214 390 1248 cnm
410 1195 437 1246 in
457 1195 549 1247 Princ.
566 1195 664 1249 Graec.
680 1194 804 1261 tragoed.
826 1213 853 1263 p.
871 1197 923 1248 250
938 1189 1109 1266 seqq.,'tnm
1132 1198 1160 1248 iu
1181 1197 1266 1250 libro:

134 1283 187 1335 Die
210 1279 490 1348 Staatshaushaltang
510 1280 560 1332 der
581 1279 702 1331 Athener
722 1278 781 1331 Vol.
798 1279 835 1330 Il.
854 1297 881 1348 p.
903 1282 951 1334 ool
976 1299 1054 1350 seqq.
1078 1283 1163 1352 [363]‚
1189 1285 1266 1336 nbia

135 1366 253 1420 Bentleii
280 1366 444 1418 auctoritate
470 1381 545 1416 stram
572 1363 735 1416 sententiam
768 1364 891 1432 seiungit
916 1365 998 1435 [Add.
1025 1367 1109 1435 Oorp.
1135 1368 1265 1437 inscript.

133 1454 235 1506 Graec.
250 1452 272 1502 l.
289 1469 352 1520 pag.
364 1453 415 1502 765
427 1457 463 1516 et,
476 1449 522 1518 qui
535 1449 672 1510 Boeokhio
684 1448 844 1514 assentitur,
860 1449 993 1501 Kreuser.
1004 1450 1113 1505 Homer.
1126 1451 1265 1524 Rhapsod.

134 1555 162 1605 p.
179 1539 230 1590 ’2116
252 1553 328 1604 seqq.
347 1535 407 1586 Vid.
423 1549 532 1604 quoque
547 1535 639 1586 Bode:
654 1533 810 1586 Geschicht.
826 1534 852 1585 d.
870 1533 968 1586 hellen.
986 1535 1162 1588 Dichtkunst.
1180 1539 1222 1603 ll,
1239 1543 1264 1590 2.

134 1638 199 1690 pag.
218 1623 277 1674 165.
290 1623 339 1674 377
361 1627 389 1673 et
404 1619 461 1686 111,
478 1623 501 1672 1.
524 1637 587 1687 pag.
603 1625 652 1687 24,
674 1619 721 1688 qni
742 1615 862 1685 tragicos
877 1617 1067 1686 Sicyoniorum
1088 1622 1186 1674 choros
1210 1641 1263 1675 non

134 1705 204 1756 alios
220 1712 303 1774 atque
318 1704 529 1772 dithyrambicos
545 1704 694 1772 s.cyclicos
710 1704 799 1756 luisse
814 1703 888 1755 vult:
903 1705 977 1774 quod
989 1705 1058 1756 idem
1073 1708 1265 1774 pronuntiavit

135 1790 253 1842 Godofr.
273 1789 420 1842 Hermann.
432 1778 554 1857 'Opuscc
568 1789 629 1843 Vll.
647 1807 673 1857 p.
691 1792 752 1842 alo.
769 1787 829 1855 Ba]
839 1784 877 1855 *).
916 1792 1080 1843 Comoediam
1095 1809 1111 1842 a
1125 1791 1264 1858 Sicyoniis

134 1874 273 1926 inventam
296 1875 387 1944 prodit
409 1873 525 1926 Orestes
546 1874 628 1942 poeta
648 1873 676 1924 in
692 1873 838 1940 Antholog.
860 1875 910 1924 Gr.
927 1875 964 1940 Il,
981 1879 1006 1926 2.
1022 1877 1083 1928 331.
1101 1875 1262 1945 (Antholog.

134 1958 222 2012 Palat.
239 1957 298 2013 Vol.
314 1961 349 2011 ll.
365 1977 428 2028 pag.
444 1961 495 2014 328
513 1977 572 2028 seq.
590 1976 632 2010 nr.
649 1959 721 2026 32),
746 1965 819 2009 recte
835 1957 988 2026 explicante
1010 1959 1135 2011 lacobsio
1151 1961 1177 2012 in
1198 1961 1263 2014 ‚ani-

52 2111 56 2119 Ι
135 2046 285 2096 nradveras.
299 2045 334 2111 ll,
348 2049 374 2096 2.
389 2061 452 2112 pag.
466 2041 564 2110 332*).
581 2043 725 2095 Caeterum
738 2060 815 2094 nemo
832 2059 933 2108 eorum,
950 2043 998 2112 qui
1013 2043 1100 2095 adhuc
1111 2045 1144 2096 de
1160 2046 1263 2098 utrius-

135 2147 188 2198 que
205 2129 272 2180 artis
288 2129 442 2196 primordiis
460 2129 647 2198 disputarunt,
664 2133 809 2197 reputasse
824 2127 943 2192 videtur,
960 2144 1039 2196 quam
1055 2129 1108 2179 vim
1126 2129 1152 2180 in
1170 2130 1218 2180 hac
1235 2149 1264 2182 re

136 2214 281 2266 habuerint
292 2216 433 2286 religiones
448 2214 527 2266 etiam
542 2215 706 2266 orientolium
721 2213 863 2279 hominum,
880 2219 908 2264 et
924 2214 1029 2266 Osirene
1042 2213 1181 2281 imprimis.
1207 2215 1263 2283 [Tu

136 2299 191 2350 vid.
208 2299 243 2364 11,
262 2302 307 2350 171
324 2306 350 2351 et
367 2316 437 2369 quae
452 2299 490 2350 ibi
505 2315 568 2367 pag.
583 2299 642 2352 813.
658 2297 719 2350 Vol.
732 2297 756 2348 l.
772 2297 911 2366 adscripta
922 2303 996 2353 sunt.
1013 2300 1071 2367 Ba]
1093 2299 1166 2350 Satis
1178 2299 1265 2366 igitur

136 2383 200 2436 haec
215 2383 322 2452 quidem
338 2391 460 2452 arguunt
473 2383 607 2436 Herodoti
625 2383 719 2434 verba:
739 2401 754 2434 a
774 2381 906 2434 communi
926 2383 1126 2435 consuetudine
1142 2385 1262 2436 Graeco-

136 2485 194 2520 rum
213 2469 364 2522 deseivisse
379 2469 539 2537 Sicyonios,
563 2468 610 2537 qui
626 2485 679 2520 non
695 2468 829 2520 Bacchum
849 2483 992 2518 scenarum
1010 2467 1165 2534 lugubrium
1180 2486 1263 2536 argu·
1313 2491 1316 2498 ¹

136 2559 251 2606 meatum
266 2555 389 2606 facerent
404 2555 453 2607 sed
472 2554 602 2606 hominem
619 2557 710 2604 natum
725 2570 756 2604 ae
772 2551 875 2604 meritis
890 2551 950 2603 suis
969 2552 996 2603 in
1015 2553 1113 2604 heroas
1140 2552 1263 2605 relatum.

136 2639 257 2691 Bacchus
273 2639 343 2692 enim
362 2641 421 2692 sive
438 2640 506 2692 deus
524 2639 583 2690 sive
600 2638 680 2689 heros
697 2637 818 2702 dicatur,
835 2637 951 2688 debebat
968 2637 1017 2689 hoc
1034 2638 1102 2706 ipsis
1126 2637 1264 2691 natalibus

135 2723 193 2776 suis
209 2730 237 2776 et
252 2724 287 2776 iis
302 2725 419 2793 eventis,
436 2741 506 2795 qnae
519 2723 584 2776 iude
599 2731 747 2775 consecuta
768 2727 856 2788 erant,
873 2727 903 2773 ut
919 2721 1011 2774 scenis
1026 2722 1129 2788 sacris,
1145 2723 1263 2790 hymnis,

134 2791 325 2878 dithyrambis,
351 2809 477 2879 phallicis
503 2808 670 2862 carminibus
693 2808 847 2878 antiquitus
871 2806 1067 2859 celebraretur.
1110 2807 1264 2860 Pausanias

45 2895 47 2900 ⁸
134 2900 222 2946 antem
238 2911 290 2946 nos
307 2895 396 2965 docet,
412 2895 494 2962 Argis
510 2893 630 2946 locorum
649 2893 788 2952 vicinitate
802 2893 913 2944 iunctos
927 2892 1016 2944 luisse
1031 2892 1166 2944 Bacchum
1181 2899 1263 2963 atque

134 2978 279 3030 Adrastum
294 2978 419 3032 Corinth.
444 2983 477 3034 23
498 2979 561 3032 init.
576 2978 701 3046 Vestigia
719 2979 779 3032 eius
799 2977 837 3030 rei
860 2977 971 3029 residua
987 2977 1118 3030 ridentur
1137 2977 1163 3030 in
1188 2979 1263 3030 vasis

131 3065 301 3114 Graecorum
330 3063 422 3132 pictis,
459 3081 530 3133 quae
558 3063 637 3133 plura
671 3063 782 3117 Adrasti
814 3070 957 3135 utramque
986 3064 1122 3114 fortunam
1153 3063 1262 3116 habent.

134 3148 174 3200 De
209 3163 263 3199 uno
295 3147 407 3199 vascaalo
439 3149 619 3217 disceptatum
651 3157 694 3201 est
725 3167 741 3200 a
770 3147 859 3200 doctis
880 3147 974 3214 ltalia,
995 3149 1134 3200 referente
1156 3148 1262 3200 Millino

135 3231 160 3283 in
178 3232 239 3284 libr.
257 3231 363 3298 hlagas.
383 3233 523 3302 encyclop.
541 3235 607 3286 1801
621 3252 646 3302 p.
663 3237 714 3287 229
729 3251 807 3303 seqq.
832 3232 891 3283 Nec
907 3231 960 3282 alia
975 3232 1077 3284 desunt
1092 3241 1263 3286 monumenta

134 3317 201 3368 artis
216 3317 256 3380 „ad
275 3317 421 3369 Adrastum
441 3317 621 3386 pertinentia,
638 3317 727 3382 velut,
751 3325 782 3369 nt
802 3317 851 3368 hoc
875 3321 951 3386 utar,
977 3335 1078 3382 gemma
1099 3319 1264 3388 perantiqua

134 3401 258 3454 Thebani
280 3401 343 3454 belli
356 3399 449 3454 ¹ducea
471 3402 580 3454 iunctos
603 3403 750 3466 exhibens,
775 3400 931 3452 nominibus
949 3401 1111 3471 adscriptis,
1128 3404 1154 3455 in
1173 3405 1266 3456 hcaaii

134 3486 216 3540 libro:
233 3487 336 3554 Saggio
352 3487 379 3539 di
395 3487 489 3556 lingna
504 3487 618 3543 Etruac.
633 3487 669 3552 11,
686 3486 742 3538 tab.
759 3485 835 3552 Vlll,
853 3503 894 3540 nr.
910 3490 925 3537 7
942 3493 970 3538 et
992 3486 1065 3539 aliud
1086 3505 1171 3558 opus,
1190 3488 1264 3557 (quod

200 3721 227 3787 *)
241 3723 318 3774 Adde
330 3723 406 3773 hisce
422 3739 464 3787 ea,
481 3738 551 3788 quse
566 3722 616 3774 hae
630 3722 663 3773 de
675 3739 703 3772 re
719 3721 801 3774 habet
814 3719 933 3774 Schultz.
968 3723 1069 3787 Appar.
1089 3721 1177 3772 critic.
1191 3737 1217 3784 p.
1230 3721 1261 3770 8:

134 3793 193 3852 „Do
208 3792 298 3843 choris
317 3793 448 3856 tragicis,
473 3809 539 3858 quos
562 3793 629 3843 dicit
643 3791 801 3844 Herodotus
813 3819 847 3828 -
861 3807 904 3842 rea
924 3793 993 3842 satis
1013 3793 1137 3843 obscura.
1170 3789 1265 3854 Neque

133 3867 224 3912 tamen
234 3862 345 3912 dubium
357 3862 474 3926 videtur,
492 3863 557 3928 quin
568 3879 626 3912 eam
638 3863 723 3926 ipsam
737 3863 770 3912 ob
781 3877 890 3912 caracam
904 3861 1024 3926 Sicyonii
1035 3862 1089 3911 sibi
1097 3859 1264 3909 vindicarint

132 3931 288 3997 tragoediae
307 3933 492 3982 inventionem
510 3934 583 3997 iique
602 3931 770 3997 intelligendi
784 3932 839 3982 sint
853 3923 924 3980 ἔνιοι
937 3930 993 3980 raia
1006 3921 1036 3980 lv
1053 3921 1263 3994 Πελοπονήνσῳ

133 4004 160 4050 in
173 4001 314 4058 Aristotel.
332 4003 364 4050 A.
382 4002 412 4050 P.
428 4017 488 4066 cap.
505 4003 529 4054 3.
542 4005 567 4065 ξ.
581 4005 605 4056 5.
621 4003 712 4052 Herm.
726 4001 786 4052 coll.
802 4001 935 4052 Themist.
953 4001 1030 4055 Orat.
1044 3999 1158 4050 XXVII.
1172 4014 1197 4063 p.
1212 3999 1263 4050 337

132 4073 161 4121 B.
174 4069 233 4137 [ubi
244 4070 404 4138 τραγῳδίας
414 4064 524 4132 εὑρεταὶ
533 4064 584 4134 μὲν
593 4064 952 4134 Σικυώνιοι,τελεοιοοργοὶ
965 4065 995 4119 dl
1003 4063 1119 4118 Ἀττικοὶ
1132 4067 1250 4132 ποιηταί
1256 4084 1262 4117 :

133 4139 164 4190 de
186 4157 238 4206 quo
262 4141 322 4191 loco
345 4147 559 4206 argumentoque
582 4141 676 4191 confer
694 4143 731 4190 sis
751 4141 782 4190 G.
805 4139 963 4193 Schneider.
991 4141 1032 4190 De
1049 4140 1118 4202 orig.
1137 4139 1262 4203 tragoed.

133 4225 190 4274 cap.
210 4211 236 4264 3.
257 4227 282 4275 p.
304 4212 337 4260 22
356 4209 443 4276 seqq]
473 4210 584 4262 Anthol.
602 4209 646 4262 Gr.
662 4212 757 4276 Epigr.
777 4203 876 4258 οἰόἐοττ,
894 4209 941 4261 171
956 4211 984 4259 in
1003 4209 1128 4259 Analect.
1148 4209 1194 4259 Br.
1209 4208 1262 4257 111.

132 4296 157 4344 p.
173 4280 222 4331 lat
234 4279 329 4343 (anth.
351 4281 427 4345 Lips.
443 4281 483 4332 IV
500 4297 526 4345 p.
544 4281 601 4332 151.
617 4280 698 4330 Anth.
712 4280 801 4333 Palat.
817 4279 854 4330 11.
867 4294 892 4342 p.
909 4281 958 4330 7117
975 4295 1014 4330 nr.
1031 4277 1092 4341 116)
1106 4281 1133 4327 et
1147 4278 1262 4328 Orestae

132 4351 224 4415 Epigr.
241 4351 280 4400 11.
295 4367 327 4486 qq
337 4350 425 4487 2¹¹⁸]st
440 4352 486 4405 Br.
498 4350 535 4401 11.
549 4365 612 4417 pag.
629 4349 680 4402 289
693 4349 787 4416 (deth.
803 4349 877 4414 Lips.
893 4349 934 4399 111
949 4365 1012 4415 pag.
1029 4350 1052 4404 1.
1066 4345 1125 4399 Pal.
1141 4347 1179 4398 11.
1199 4363 1262 4416 pag.

133 4420 315 4476 attenta·
365 4436 419 4474 r.·
