<?xml version="1.0" encoding="UTF-8"?>
<!DOCTYPE html PUBLIC "-//W3C//DTD XHTML 1.0 Transitional//EN"
    "http://www.w3.org/TR/xhtml1/DTD/xhtml1-transitional.dtd">
<html xmlns="http://www.w3.org/1999/xhtml" xml:lang="en" lang="en">
 <head>
  <title>
</title>
<meta http-equiv="Content-Type" content="text/html;charset=utf-8" />
  <meta name='ocr-system' content='tesseract 3.04.00' />
  <meta name='ocr-capabilities' content='ocr_page ocr_carea ocr_par ocr_line ocrx_word'/>
</head>
<body>
  <div class='ocr_page' id='page_1' title='image "./herodotihalicar01bhgoog_0559.png"; bbox 0 0 3054 4972; ppageno 0'>
   <div class='ocr_carea' id='block_1_1' title="bbox 170 358 231 417">
    <p class='ocr_par' dir='ltr' id='par_1_1' title="bbox 170 358 231 417">
     <span class='ocr_line' id='line_1_1' title="bbox 170 358 231 417; baseline 0.016 -1"><span class='ocrx_word' id='word_1_1' title='bbox 170 358 231 417; x_wconf 78' lang='lat' dir='ltr'>otu</span> 
     </span>
    </p>
   </div>
   <div class='ocr_carea' id='block_1_2' title="bbox 606 357 872 418">
    <p class='ocr_par' dir='ltr' id='par_1_2' title="bbox 606 357 872 418">
     <span class='ocr_line' id='line_1_2' title="bbox 606 357 872 418; baseline 0 0"><span class='ocrx_word' id='word_1_2' title='bbox 606 357 872 418; x_wconf 83' lang='lat' dir='ltr'>HERODOTI</span> 
     </span>
    </p>
   </div>
   <div class='ocr_carea' id='block_1_3' title="bbox 168 526 1307 620">
    <p class='ocr_par' dir='ltr' id='par_1_3' title="bbox 168 526 1307 620">
     <span class='ocr_line' id='line_1_3' title="bbox 168 526 1307 620; baseline 0.001 -20"><span class='ocrx_word' id='word_1_3' title='bbox 168 528 250 619; x_wconf 80' lang='grc' dir='ltr'><strong><em>πρὸς</em></strong></span> <span class='ocrx_word' id='word_1_4' title='bbox 276 527 436 619; x_wconf 72' lang='grc' dir='ltr'>οὐδαμῶν</span> <span class='ocrx_word' id='word_1_5' title='bbox 465 526 674 620; x_wconf 74' lang='grc' dir='ltr'><strong><em>ἀνθρώπων·</em></strong></span> <span class='ocrx_word' id='word_1_6' title='bbox 714 531 904 620; x_wconf 80' lang='grc' dir='ltr'><em>σύμπαντες</em></span> <span class='ocrx_word' id='word_1_7' title='bbox 931 531 968 601; x_wconf 79' lang='grc' dir='ltr'>δὲ</span> <span class='ocrx_word' id='word_1_8' title='bbox 991 537 1052 601; x_wconf 82' lang='grc' dir='ltr'>τοῦ</span> <span class='ocrx_word' id='word_1_9' title='bbox 1074 537 1221 620; x_wconf 81' lang='grc' dir='ltr'><strong><em>στρατοῦ</em></strong></span> <span class='ocrx_word' id='word_1_10' title='bbox 1243 538 1307 602; x_wconf 81' lang='grc' dir='ltr'>τοῦ</span> 
     </span>
    </p>
   </div>
   <div class='ocr_carea' id='block_1_4' title="bbox 168 730 716 2946">
    <p class='ocr_par' dir='ltr' id='par_1_4' title="bbox 168 730 716 2946">
     <span class='ocr_line' id='line_1_4' title="bbox 168 730 710 796; baseline 0.002 -15"><span class='ocrx_word' id='word_1_11' title='bbox 168 747 252 796; x_wconf 87' lang='lat' dir='ltr'>supra</span> <span class='ocrx_word' id='word_1_12' title='bbox 267 731 308 780; x_wconf 93' lang='lat' dir='ltr'>Ili</span> <span class='ocrx_word' id='word_1_13' title='bbox 320 768 327 792; x_wconf 94' lang='lat'>‚</span> <span class='ocrx_word' id='word_1_14' title='bbox 341 730 375 780; x_wconf 70' lang='lat'>8¹.)</span> <span class='ocrx_word' id='word_1_15' title='bbox 388 745 463 796; x_wconf 88' lang='lat' dir='ltr'>seqq.</span> <span class='ocrx_word' id='word_1_16' title='bbox 482 730 514 780; x_wconf 91' lang='lat' dir='ltr'>de</span> <span class='ocrx_word' id='word_1_17' title='bbox 530 731 710 795; x_wconf 84' lang='lat' dir='ltr'>satrapisrum</span> 
     </span>
     <span class='ocr_line' id='line_1_5' title="bbox 168 799 713 865; baseline -0.004 -15"><span class='ocrx_word' id='word_1_18' title='bbox 168 801 353 865; x_wconf 76' lang='lat' dir='ltr'><strong>descriptione</strong></span> <span class='ocrx_word' id='word_1_19' title='bbox 367 816 383 848; x_wconf 88' lang='lat' dir='ltr'>a</span> <span class='ocrx_word' id='word_1_20' title='bbox 396 801 479 848; x_wconf 87' lang='lat' dir='ltr'>Dario</span> <span class='ocrx_word' id='word_1_21' title='bbox 493 799 568 851; x_wconf 86' lang='lat' dir='ltr'>t&#39;aets</span> <span class='ocrx_word' id='word_1_22' title='bbox 580 805 607 851; x_wconf 89' lang='lat' dir='ltr'>et</span> <span class='ocrx_word' id='word_1_23' title='bbox 619 800 652 850; x_wconf 88' lang='lat' dir='ltr'>de</span> <span class='ocrx_word' id='word_1_24' title='bbox 667 801 713 849; x_wconf 92' lang='lat' dir='ltr'>tri-</span> 
     </span>
     <span class='ocr_line' id='line_1_6' title="bbox 169 870 712 934; baseline 0.002 -16"><span class='ocrx_word' id='word_1_25' title='bbox 169 871 242 920; x_wconf 89' lang='lat' dir='ltr'>butis</span> <span class='ocrx_word' id='word_1_26' title='bbox 255 871 354 934; x_wconf 91' lang='lat' dir='ltr'>eniqae</span> <span class='ocrx_word' id='word_1_27' title='bbox 365 870 505 934; x_wconf 71' lang='lat' dir='ltr'><strong>satrapiae</strong></span> <span class='ocrx_word' id='word_1_28' title='bbox 521 871 656 934; x_wconf 74' lang='lat' dir='ltr'>impositis</span> <span class='ocrx_word' id='word_1_29' title='bbox 669 885 712 919; x_wconf 90' lang='lat' dir='ltr'>re-</span> 
     </span>
     <span class='ocr_line' id='line_1_7' title="bbox 169 939 711 1004; baseline 0.004 -16"><span class='ocrx_word' id='word_1_30' title='bbox 169 941 306 990; x_wconf 82' lang='lat' dir='ltr'>seruntur:</span> <span class='ocrx_word' id='word_1_31' title='bbox 335 947 363 988; x_wconf 91' lang='lat' dir='ltr'>tu</span> <span class='ocrx_word' id='word_1_32' title='bbox 378 940 449 989; x_wconf 85' lang='lat' dir='ltr'>coni.</span> <span class='ocrx_word' id='word_1_33' title='bbox 463 939 501 988; x_wconf 92' lang='lat' dir='ltr'>ibi</span> <span class='ocrx_word' id='word_1_34' title='bbox 513 945 582 989; x_wconf 92' lang='lat' dir='ltr'>nott.</span> <span class='ocrx_word' id='word_1_35' title='bbox 617 941 711 1004; x_wconf 84' lang='lat' dir='ltr'>Neque</span> 
     </span>
     <span class='ocr_line' id='line_1_8' title="bbox 170 1008 712 1074; baseline 0 -16"><span class='ocrx_word' id='word_1_36' title='bbox 170 1010 240 1059; x_wconf 90' lang='lat' dir='ltr'>enim</span> <span class='ocrx_word' id='word_1_37' title='bbox 254 1008 320 1058; x_wconf 90' lang='lat' dir='ltr'>mihi</span> <span class='ocrx_word' id='word_1_38' title='bbox 338 1009 476 1073; x_wconf 75' lang='lat' dir='ltr'>persuasit</span> <span class='ocrx_word' id='word_1_39' title='bbox 488 1008 571 1060; x_wconf 83' lang='lat' dir='ltr'>Grote</span> <span class='ocrx_word' id='word_1_40' title='bbox 584 1011 712 1074; x_wconf 84' lang='lat' dir='ltr'>(History</span> 
     </span>
     <span class='ocr_line' id='line_1_9' title="bbox 169 1077 711 1143; baseline -0.002 -15"><span class='ocrx_word' id='word_1_41' title='bbox 169 1079 200 1128; x_wconf 87' lang='lat' dir='ltr'>oi</span> <span class='ocrx_word' id='word_1_42' title='bbox 208 1079 310 1129; x_wconf 84' lang='lat' dir='ltr'>Greeoe</span> <span class='ocrx_word' id='word_1_43' title='bbox 322 1079 354 1128; x_wconf 93' lang='lat' dir='ltr'>V.</span> <span class='ocrx_word' id='word_1_44' title='bbox 372 1093 435 1143; x_wconf 79' lang='lat' dir='ltr'>pag.</span> <span class='ocrx_word' id='word_1_45' title='bbox 450 1077 492 1128; x_wconf 78' lang='lat' dir='ltr'>tt.</span> <span class='ocrx_word' id='word_1_46' title='bbox 509 1078 569 1143; x_wconf 77' lang='lat'>51),</span> <span class='ocrx_word' id='word_1_47' title='bbox 590 1079 711 1143; x_wconf 90' lang='lat' dir='ltr'>quicum</span> 
     </span>
     <span class='ocr_line' id='line_1_10' title="bbox 169 1147 711 1213; baseline -0.006 -15"><span class='ocrx_word' id='word_1_48' title='bbox 169 1149 274 1198; x_wconf 84' lang='lat' dir='ltr'>scribas</span> <span class='ocrx_word' id='word_1_49' title='bbox 284 1149 373 1213; x_wconf 80' lang='lat' dir='ltr'>regios</span> <span class='ocrx_word' id='word_1_50' title='bbox 383 1163 435 1197; x_wconf 88' lang='lat' dir='ltr'>nou</span> <span class='ocrx_word' id='word_1_51' title='bbox 446 1153 500 1197; x_wconf 82' lang='lat' dir='ltr'>tam</span> <span class='ocrx_word' id='word_1_52' title='bbox 511 1149 589 1212; x_wconf 86' lang='lat' dir='ltr'>regni</span> <span class='ocrx_word' id='word_1_53' title='bbox 599 1147 711 1196; x_wconf 79' lang='lat' dir='ltr'>annales</span> 
     </span>
     <span class='ocr_line' id='line_1_11' title="bbox 169 1216 711 1282; baseline -0.002 -16"><span class='ocrx_word' id='word_1_54' title='bbox 169 1219 333 1280; x_wconf 75' lang='lat' dir='ltr'>condidisse,</span> <span class='ocrx_word' id='word_1_55' title='bbox 342 1216 389 1268; x_wconf 90' lang='lat' dir='ltr'>sed</span> <span class='ocrx_word' id='word_1_56' title='bbox 399 1233 468 1282; x_wconf 82' lang='lat' dir='ltr'>quse</span> <span class='ocrx_word' id='word_1_57' title='bbox 480 1217 513 1265; x_wconf 90' lang='lat' dir='ltr'>ad</span> <span class='ocrx_word' id='word_1_58' title='bbox 525 1219 611 1281; x_wconf 89' lang='lat' dir='ltr'>ipsum</span> <span class='ocrx_word' id='word_1_59' title='bbox 622 1232 711 1282; x_wconf 79' lang='lat' dir='ltr'>regem</span> 
     </span>
     <span class='ocr_line' id='line_1_12' title="bbox 169 1286 712 1352; baseline -0.009 -14"><span class='ocrx_word' id='word_1_60' title='bbox 169 1289 351 1352; x_wconf 75' lang='lat' dir='ltr'>pertinuerint</span> <span class='ocrx_word' id='word_1_61' title='bbox 360 1286 660 1350; x_wconf 82' lang='lat' dir='ltr'>eiusdemqueonimum</span> <span class='ocrx_word' id='word_1_62' title='bbox 673 1292 712 1334; x_wconf 80' lang='lat' dir='ltr'>et·</span> 
     </span>
     <span class='ocr_line' id='line_1_13' title="bbox 169 1355 711 1420; baseline -0.006 -14"><span class='ocrx_word' id='word_1_63' title='bbox 169 1359 321 1418; x_wconf 87' lang='lat' dir='ltr'>tonderint,</span> <span class='ocrx_word' id='word_1_64' title='bbox 340 1355 428 1405; x_wconf 88' lang='lat' dir='ltr'>literis</span> <span class='ocrx_word' id='word_1_65' title='bbox 448 1357 641 1420; x_wconf 80' lang='lat' dir='ltr'>perscripsisse</span> <span class='ocrx_word' id='word_1_66' title='bbox 654 1356 711 1404; x_wconf 82' lang='lat' dir='ltr'>exi·</span> 
     </span>
     <span class='ocr_line' id='line_1_14' title="bbox 170 1425 711 1488; baseline -0.004 -12"><span class='ocrx_word' id='word_1_67' title='bbox 170 1429 264 1476; x_wconf 88' lang='lat' dir='ltr'>stimet</span> <span class='ocrx_word' id='word_1_68' title='bbox 283 1425 392 1488; x_wconf 83' lang='lat' dir='ltr'>(„them</span> <span class='ocrx_word' id='word_1_69' title='bbox 412 1440 484 1475; x_wconf 84' lang='lat' dir='ltr'>seem</span> <span class='ocrx_word' id='word_1_70' title='bbox 508 1428 536 1474; x_wconf 86' lang='lat' dir='ltr'>to</span> <span class='ocrx_word' id='word_1_71' title='bbox 558 1426 627 1475; x_wconf 83' lang='lat' dir='ltr'>heve</span> <span class='ocrx_word' id='word_1_72' title='bbox 642 1426 711 1475; x_wconf 89' lang='lat' dir='ltr'>been</span> 
     </span>
     <span class='ocr_line' id='line_1_15' title="bbox 170 1494 713 1560; baseline -0.004 -15"><span class='ocrx_word' id='word_1_73' title='bbox 170 1495 300 1560; x_wconf 83' lang='lat' dir='ltr'>speciully</span> <span class='ocrx_word' id='word_1_74' title='bbox 315 1494 443 1544; x_wconf 77' lang='lat' dir='ltr'>attached</span> <span class='ocrx_word' id='word_1_75' title='bbox 462 1500 491 1542; x_wconf 93' lang='lat' dir='ltr'>to</span> <span class='ocrx_word' id='word_1_76' title='bbox 507 1494 553 1543; x_wconf 90' lang='lat' dir='ltr'>the</span> <span class='ocrx_word' id='word_1_77' title='bbox 571 1509 669 1559; x_wconf 89' lang='lat' dir='ltr'>person</span> <span class='ocrx_word' id='word_1_78' title='bbox 683 1494 713 1544; x_wconf 86' lang='lat' dir='ltr'>oi</span> 
     </span>
     <span class='ocr_line' id='line_1_16' title="bbox 170 1562 712 1628; baseline 0 -16"><span class='ocrx_word' id='word_1_79' title='bbox 170 1566 216 1614; x_wconf 84' lang='lat' dir='ltr'>tho</span> <span class='ocrx_word' id='word_1_80' title='bbox 226 1564 330 1628; x_wconf 78' lang='lat' dir='ltr'>bingas</span> <span class='ocrx_word' id='word_1_81' title='bbox 340 1565 477 1612; x_wconf 85' lang='lat' dir='ltr'>ministers</span> <span class='ocrx_word' id='word_1_82' title='bbox 487 1568 513 1612; x_wconf 78' lang='lat' dir='ltr'>tc</span> <span class='ocrx_word' id='word_1_83' title='bbox 525 1562 567 1614; x_wconf 89' lang='lat' dir='ltr'>his</span> <span class='ocrx_word' id='word_1_84' title='bbox 578 1565 712 1628; x_wconf 83' lang='lat' dir='ltr'>curiosity</span> 
     </span>
     <span class='ocr_line' id='line_1_17' title="bbox 170 1632 713 1694; baseline 0.002 -12"><span class='ocrx_word' id='word_1_85' title='bbox 170 1633 223 1682; x_wconf 83' lang='lat' dir='ltr'>und</span> <span class='ocrx_word' id='word_1_86' title='bbox 242 1637 425 1694; x_wconf 78' lang='lat' dir='ltr'>amusement,</span> <span class='ocrx_word' id='word_1_87' title='bbox 448 1632 540 1682; x_wconf 75' lang='lat' dir='ltr'>rather</span> <span class='ocrx_word' id='word_1_88' title='bbox 559 1633 625 1683; x_wconf 83' lang='lat' dir='ltr'>then</span> <span class='ocrx_word' id='word_1_89' title='bbox 651 1633 713 1683; x_wconf 88' lang='lat' dir='ltr'>hee·</span> 
     </span>
     <span class='ocr_line' id='line_1_18' title="bbox 170 1701 713 1768; baseline -0.002 -16"><span class='ocrx_word' id='word_1_90' title='bbox 170 1719 232 1768; x_wconf 88' lang='lat' dir='ltr'>pers</span> <span class='ocrx_word' id='word_1_91' title='bbox 245 1702 275 1752; x_wconf 89' lang='lat' dir='ltr'>ol</span> <span class='ocrx_word' id='word_1_92' title='bbox 281 1703 421 1753; x_wconf 88' lang='lat' dir='ltr'>authentie</span> <span class='ocrx_word' id='word_1_93' title='bbox 432 1701 486 1752; x_wconf 89' lang='lat' dir='ltr'>and</span> <span class='ocrx_word' id='word_1_94' title='bbox 494 1703 658 1753; x_wconf 88' lang='lat' dir='ltr'>continuous</span> <span class='ocrx_word' id='word_1_95' title='bbox 672 1718 713 1752; x_wconf 89' lang='lat' dir='ltr'>re-</span> 
     </span>
     <span class='ocr_line' id='line_1_19' title="bbox 171 1772 714 1844; baseline 0.004 -22"><span class='ocrx_word' id='word_1_96' title='bbox 171 1772 298 1836; x_wconf 81' lang='lat' dir='ltr'>cords“)‚</span> <span class='ocrx_word' id='word_1_97' title='bbox 320 1772 490 1844; x_wconf 82' lang='lat' dir='ltr'>Herodotum</span> <span class='ocrx_word' id='word_1_98' title='bbox 506 1786 553 1832; x_wconf 86' lang='lat' dir='ltr'>ea,</span> <span class='ocrx_word' id='word_1_99' title='bbox 574 1789 643 1838; x_wconf 80' lang='lat' dir='ltr'>quse</span> <span class='ocrx_word' id='word_1_100' title='bbox 661 1773 714 1824; x_wconf 93' lang='lat' dir='ltr'>hoc.</span> 
     </span>
     <span class='ocr_line' id='line_1_20' title="bbox 170 1841 712 1906; baseline -0.002 -14"><span class='ocrx_word' id='word_1_101' title='bbox 170 1843 231 1893; x_wconf 89' lang='lat' dir='ltr'>loeo</span> <span class='ocrx_word' id='word_1_102' title='bbox 245 1841 343 1904; x_wconf 84' lang='lat' dir='ltr'>trudit,</span> <span class='ocrx_word' id='word_1_103' title='bbox 367 1843 507 1906; x_wconf 85' lang='lat' dir='ltr'>accepisse</span> <span class='ocrx_word' id='word_1_104' title='bbox 520 1841 629 1892; x_wconf 83' lang='lat' dir='ltr'>volrab</span> <span class='ocrx_word' id='word_1_105' title='bbox 644 1843 712 1906; x_wconf 88' lang='lat' dir='ltr'>ipsis</span> 
     </span>
     <span class='ocr_line' id='line_1_21' title="bbox 172 1911 713 1976; baseline -0.004 -14"><span class='ocrx_word' id='word_1_106' title='bbox 172 1913 300 1974; x_wconf 84' lang='lat' dir='ltr'>Graecis,</span> <span class='ocrx_word' id='word_1_107' title='bbox 321 1913 368 1976; x_wconf 90' lang='lat' dir='ltr'>qui</span> <span class='ocrx_word' id='word_1_108' title='bbox 389 1911 431 1962; x_wconf 92' lang='lat' dir='ltr'>his</span> <span class='ocrx_word' id='word_1_109' title='bbox 449 1911 529 1961; x_wconf 90' lang='lat' dir='ltr'>rebus</span> <span class='ocrx_word' id='word_1_110' title='bbox 549 1913 658 1961; x_wconf 88' lang='lat' dir='ltr'>omnino</span> <span class='ocrx_word' id='word_1_111' title='bbox 672 1913 713 1960; x_wconf 89' lang='lat' dir='ltr'>in-</span> 
     </span>
     <span class='ocr_line' id='line_1_22' title="bbox 171 1981 712 2047; baseline -0.004 -16"><span class='ocrx_word' id='word_1_112' title='bbox 171 1983 316 2032; x_wconf 74' lang='lat' dir='ltr'>terfuerint</span> <span class='ocrx_word' id='word_1_113' title='bbox 344 1987 372 2032; x_wconf 89' lang='lat' dir='ltr'>et</span> <span class='ocrx_word' id='word_1_114' title='bbox 396 1996 413 2030; x_wconf 84' lang='lat' dir='ltr'>s</span> <span class='ocrx_word' id='word_1_115' title='bbox 436 1981 543 2042; x_wconf 86' lang='lat' dir='ltr'>Persis,</span> <span class='ocrx_word' id='word_1_116' title='bbox 571 1982 618 2047; x_wconf 91' lang='lat' dir='ltr'>qni</span> <span class='ocrx_word' id='word_1_117' title='bbox 640 1981 712 2045; x_wconf 81' lang='lat' dir='ltr'>regis</span> 
     </span>
     <span class='ocr_line' id='line_1_23' title="bbox 172 2052 714 2116; baseline -0.006 -14"><span class='ocrx_word' id='word_1_118' title='bbox 172 2055 248 2102; x_wconf 89' lang='lat' dir='ltr'>iussu</span> <span class='ocrx_word' id='word_1_119' title='bbox 258 2053 353 2116; x_wconf 81' lang='lat' dir='ltr'>copies</span> <span class='ocrx_word' id='word_1_120' title='bbox 364 2052 560 2113; x_wconf 79' lang='lat' dir='ltr'>recensuerint,</span> <span class='ocrx_word' id='word_1_121' title='bbox 574 2053 641 2101; x_wconf 87' lang='lat' dir='ltr'>haec</span> <span class='ocrx_word' id='word_1_122' title='bbox 658 2056 714 2100; x_wconf 87' lang='lat' dir='ltr'>trs-</span> 
     </span>
     <span class='ocr_line' id='line_1_24' title="bbox 173 2120 712 2186; baseline -0.004 -16"><span class='ocrx_word' id='word_1_123' title='bbox 173 2122 232 2170; x_wconf 88' lang='lat' dir='ltr'>dita</span> <span class='ocrx_word' id='word_1_124' title='bbox 245 2122 408 2186; x_wconf 87' lang='lat' dir='ltr'>acceperint.</span> <span class='ocrx_word' id='word_1_125' title='bbox 430 2120 509 2181; x_wconf 79' lang='lat' dir='ltr'>erod</span> <span class='ocrx_word' id='word_1_126' title='bbox 527 2121 551 2168; x_wconf 92' lang='lat' dir='ltr'>si</span> <span class='ocrx_word' id='word_1_127' title='bbox 566 2136 661 2171; x_wconf 84' lang='lat' dir='ltr'>revern</span> <span class='ocrx_word' id='word_1_128' title='bbox 672 2121 712 2168; x_wconf 84' lang='lat' dir='ltr'>in-</span> 
     </span>
     <span class='ocr_line' id='line_1_25' title="bbox 173 2189 713 2255; baseline -0.002 -15"><span class='ocrx_word' id='word_1_129' title='bbox 173 2201 246 2242; x_wconf 90' lang='lat' dir='ltr'>etum</span> <span class='ocrx_word' id='word_1_130' title='bbox 263 2197 350 2254; x_wconf 85' lang='lat' dir='ltr'>esset,</span> <span class='ocrx_word' id='word_1_131' title='bbox 378 2193 423 2240; x_wconf 87' lang='lat' dir='ltr'>vix</span> <span class='ocrx_word' id='word_1_132' title='bbox 436 2189 560 2252; x_wconf 87' lang='lat' dir='ltr'>dubium,</span> <span class='ocrx_word' id='word_1_133' title='bbox 581 2191 646 2255; x_wconf 87' lang='lat' dir='ltr'>quin</span> <span class='ocrx_word' id='word_1_134' title='bbox 658 2191 713 2240; x_wconf 90' lang='lat' dir='ltr'>No-</span> 
     </span>
     <span class='ocr_line' id='line_1_26' title="bbox 173 2260 711 2320; baseline -0.006 -10"><span class='ocrx_word' id='word_1_135' title='bbox 173 2267 228 2312; x_wconf 84' lang='lat' dir='ltr'>ster</span> <span class='ocrx_word' id='word_1_136' title='bbox 244 2260 270 2309; x_wconf 93' lang='lat' dir='ltr'>id</span> <span class='ocrx_word' id='word_1_137' title='bbox 283 2277 337 2311; x_wconf 90' lang='lat' dir='ltr'>uno</span> <span class='ocrx_word' id='word_1_138' title='bbox 352 2261 435 2311; x_wconf 84' lang='lat' dir='ltr'>verbo</span> <span class='ocrx_word' id='word_1_139' title='bbox 456 2264 529 2310; x_wconf 87' lang='lat' dir='ltr'>certo</span> <span class='ocrx_word' id='word_1_140' title='bbox 550 2261 711 2320; x_wconf 75' lang='lat' dir='ltr'>indicasset,</span> 
     </span>
     <span class='ocr_line' id='line_1_27' title="bbox 174 2321 712 2395; baseline -0.004 -15"><span class='ocrx_word' id='word_1_141' title='bbox 174 2347 222 2395; x_wconf 91' lang='lat' dir='ltr'>pro</span> <span class='ocrx_word' id='word_1_142' title='bbox 242 2345 314 2380; x_wconf 90' lang='lat' dir='ltr'>more</span> <span class='ocrx_word' id='word_1_143' title='bbox 336 2330 469 2380; x_wconf 73' lang='lat' dir='ltr'>adiiciens</span> <span class='ocrx_word' id='word_1_144' title='bbox 483 2321 521 2386; x_wconf 79' lang='grc' dir='ltr'>ὡς</span> <span class='ocrx_word' id='word_1_145' title='bbox 539 2329 651 2392; x_wconf 76' lang='grc' dir='ltr'><em>λέγουσι</em></span> <span class='ocrx_word' id='word_1_146' title='bbox 670 2329 712 2380; x_wconf 84' lang='lat' dir='ltr'>vel</span> 
     </span>
     <span class='ocr_line' id='line_1_28' title="bbox 174 2399 713 2464; baseline -0.004 -16"><span class='ocrx_word' id='word_1_147' title='bbox 174 2399 262 2449; x_wconf 84' lang='lat' dir='ltr'>simile</span> <span class='ocrx_word' id='word_1_148' title='bbox 275 2400 350 2464; x_wconf 92' lang='lat' dir='ltr'>quid.</span> <span class='ocrx_word' id='word_1_149' title='bbox 386 2399 499 2450; x_wconf 83' lang='lat' dir='ltr'>Accedit</span> <span class='ocrx_word' id='word_1_150' title='bbox 518 2401 579 2463; x_wconf 88' lang='lat' dir='ltr'>ipsu</span> <span class='ocrx_word' id='word_1_151' title='bbox 591 2399 713 2464; x_wconf 84' lang='lat' dir='ltr'>gentium</span> 
     </span>
     <span class='ocr_line' id='line_1_29' title="bbox 174 2469 713 2534; baseline -0.004 -14"><span class='ocrx_word' id='word_1_152' title='bbox 174 2469 349 2532; x_wconf 71' lang='lat' dir='ltr'>singularum,</span> <span class='ocrx_word' id='word_1_153' title='bbox 364 2485 434 2534; x_wconf 83' lang='lat' dir='ltr'>quse</span> <span class='ocrx_word' id='word_1_154' title='bbox 447 2469 475 2516; x_wconf 92' lang='lat' dir='ltr'>in</span> <span class='ocrx_word' id='word_1_155' title='bbox 485 2469 581 2518; x_wconf 84' lang='lat' dir='ltr'>Xerxis</span> <span class='ocrx_word' id='word_1_156' title='bbox 593 2470 713 2518; x_wconf 88' lang='lat' dir='ltr'>exercitu</span> 
     </span>
     <span class='ocr_line' id='line_1_30' title="bbox 175 2538 715 2600; baseline 0 -13"><span class='ocrx_word' id='word_1_157' title='bbox 175 2539 374 2596; x_wconf 75' lang='lat' dir='ltr'>militaverunt.</span> <span class='ocrx_word' id='word_1_158' title='bbox 397 2538 545 2600; x_wconf 88' lang='lat' dir='ltr'>descriptio</span> <span class='ocrx_word' id='word_1_159' title='bbox 564 2539 715 2587; x_wconf 80' lang='lat' dir='ltr'>accuratis·</span> 
     </span>
     <span class='ocr_line' id='line_1_31' title="bbox 175 2605 714 2671; baseline -0.004 -13"><span class='ocrx_word' id='word_1_160' title='bbox 175 2611 258 2670; x_wconf 85' lang='lat' dir='ltr'>sima,</span> <span class='ocrx_word' id='word_1_161' title='bbox 277 2607 339 2658; x_wconf 90' lang='lat' dir='ltr'>inde</span> <span class='ocrx_word' id='word_1_162' title='bbox 359 2623 376 2656; x_wconf 87' lang='lat' dir='ltr'>a</span> <span class='ocrx_word' id='word_1_163' title='bbox 391 2605 493 2671; x_wconf 79' lang='lat' dir='ltr'>euplii</span> <span class='ocrx_word' id='word_1_164' title='bbox 518 2606 661 2656; x_wconf 78' lang='lat' dir='ltr'>institute:</span> <span class='ocrx_word' id='word_1_165' title='bbox 685 2609 714 2656; x_wconf 91' lang='lat' dir='ltr'>in</span> 
     </span>
     <span class='ocr_line' id='line_1_32' title="bbox 176 2676 714 2744; baseline -0.004 -16"><span class='ocrx_word' id='word_1_166' title='bbox 176 2695 239 2744; x_wconf 89' lang='lat' dir='ltr'>qna,</span> <span class='ocrx_word' id='word_1_167' title='bbox 255 2692 326 2742; x_wconf 89' lang='lat' dir='ltr'>quas</span> <span class='ocrx_word' id='word_1_168' title='bbox 338 2676 506 2740; x_wconf 77' lang='lat' dir='ltr'>singularum</span> <span class='ocrx_word' id='word_1_169' title='bbox 522 2677 641 2738; x_wconf 82' lang='lat' dir='ltr'>gentium</span> <span class='ocrx_word' id='word_1_170' title='bbox 655 2676 714 2726; x_wconf 81' lang='lat' dir='ltr'>fue-</span> 
     </span>
     <span class='ocr_line' id='line_1_33' title="bbox 176 2746 716 2810; baseline -0.006 -13"><span class='ocrx_word' id='word_1_171' title='bbox 176 2751 233 2798; x_wconf 92' lang='lat' dir='ltr'>rint</span> <span class='ocrx_word' id='word_1_172' title='bbox 254 2761 346 2806; x_wconf 86' lang='lat' dir='ltr'>urma,</span> <span class='ocrx_word' id='word_1_173' title='bbox 368 2749 459 2795; x_wconf 84' lang='lat' dir='ltr'>vestes</span> <span class='ocrx_word' id='word_1_174' title='bbox 475 2746 616 2808; x_wconf 86' lang='lat' dir='ltr'>omnisque</span> <span class='ocrx_word' id='word_1_175' title='bbox 632 2759 716 2810; x_wconf 84' lang='lat' dir='ltr'>uppa-</span> 
     </span>
     <span class='ocr_line' id='line_1_34' title="bbox 175 2813 716 2877; baseline -0.011 -10"><span class='ocrx_word' id='word_1_176' title='bbox 175 2825 269 2877; x_wconf 81' lang='lat' dir='ltr'>rstus,</span> <span class='ocrx_word' id='word_1_177' title='bbox 290 2825 344 2863; x_wconf 85' lang='lat' dir='ltr'>tem</span> <span class='ocrx_word' id='word_1_178' title='bbox 365 2818 492 2864; x_wconf 75' lang='lat' dir='ltr'>accurate</span> <span class='ocrx_word' id='word_1_179' title='bbox 513 2813 663 2875; x_wconf 77' lang='lat' dir='ltr'>indicatur,</span> <span class='ocrx_word' id='word_1_180' title='bbox 685 2819 716 2862; x_wconf 93' lang='lat' dir='ltr'>nt</span> 
     </span>
     <span class='ocr_line' id='line_1_35' title="bbox 175 2881 715 2946; baseline -0.015 -9"><span class='ocrx_word' id='word_1_181' title='bbox 175 2887 242 2936; x_wconf 87' lang='lat' dir='ltr'>haec</span> <span class='ocrx_word' id='word_1_182' title='bbox 252 2886 342 2935; x_wconf 82' lang='lat' dir='ltr'>omnis</span> <span class='ocrx_word' id='word_1_183' title='bbox 351 2883 397 2932; x_wconf 86' lang='lat' dir='ltr'>vix</span> <span class='ocrx_word' id='word_1_184' title='bbox 407 2881 516 2931; x_wconf 76' lang='lat' dir='ltr'>aliunde</span> <span class='ocrx_word' id='word_1_185' title='bbox 529 2889 612 2946; x_wconf 88' lang='lat' dir='ltr'>atque</span> <span class='ocrx_word' id='word_1_186' title='bbox 622 2897 638 2930; x_wconf 85' lang='lat' dir='ltr'>n</span> <span class='ocrx_word' id='word_1_187' title='bbox 648 2883 715 2933; x_wconf 91' lang='lat' dir='ltr'>seri-</span> 
     </span>
    </p>
   </div>
   <div class='ocr_carea' id='block_1_5' title="bbox 95 2951 715 3022">
    <p class='ocr_par' dir='ltr' id='par_1_5' title="bbox 95 2951 715 3022">
     <span class='ocr_line' id='line_1_36' title="bbox 95 2951 715 3022; baseline -0.01 -16"><span class='ocrx_word' id='word_1_188' title='bbox 95 2965 104 2982; x_wconf 82' lang='lat'><strong>·</strong></span> <span class='ocrx_word' id='word_1_189' title='bbox 176 2959 231 3022; x_wconf 84' lang='lat' dir='ltr'>ptis</span> <span class='ocrx_word' id='word_1_190' title='bbox 251 2953 432 3003; x_wconf 86' lang='lat' dir='ltr'>monumentis</span> <span class='ocrx_word' id='word_1_191' title='bbox 456 2967 478 3002; x_wconf 89' lang='lat' dir='ltr'>s.</span> <span class='ocrx_word' id='word_1_192' title='bbox 498 2951 641 3002; x_wconf 83' lang='lat' dir='ltr'>annalibus</span> <span class='ocrx_word' id='word_1_193' title='bbox 666 2953 715 3001; x_wconf 89' lang='lat' dir='ltr'>flu·</span> 
     </span>
    </p>
   </div>
   <div class='ocr_carea' id='block_1_6' title="bbox 175 3021 718 4477">
    <p class='ocr_par' dir='ltr' id='par_1_6' title="bbox 175 3021 718 4477">
     <span class='ocr_line' id='line_1_37' title="bbox 177 3021 713 3085; baseline -0.011 -9"><span class='ocrx_word' id='word_1_194' title='bbox 177 3029 249 3076; x_wconf 86' lang='lat' dir='ltr'>xisse</span> <span class='ocrx_word' id='word_1_195' title='bbox 259 3021 387 3074; x_wconf 82' lang='lat' dir='ltr'>credibile</span> <span class='ocrx_word' id='word_1_196' title='bbox 398 3021 444 3070; x_wconf 92' lang='lat' dir='ltr'>sit.</span> <span class='ocrx_word' id='word_1_197' title='bbox 473 3021 605 3085; x_wconf 73' lang='lat' dir='ltr'>liquibus</span> <span class='ocrx_word' id='word_1_198' title='bbox 618 3021 713 3070; x_wconf 87' lang='lat' dir='ltr'>iisdem</span> 
     </span>
     <span class='ocr_line' id='line_1_38' title="bbox 177 3089 715 3156; baseline -0.007 -12"><span class='ocrx_word' id='word_1_199' title='bbox 177 3109 238 3144; x_wconf 90' lang='lat' dir='ltr'>uum</span> <span class='ocrx_word' id='word_1_200' title='bbox 262 3107 295 3141; x_wconf 88' lang='lat' dir='ltr'>ea</span> <span class='ocrx_word' id='word_1_201' title='bbox 318 3091 460 3152; x_wconf 86' lang='lat' dir='ltr'>fluxerint,</span> <span class='ocrx_word' id='word_1_202' title='bbox 486 3105 556 3156; x_wconf 84' lang='lat' dir='ltr'>quus</span> <span class='ocrx_word' id='word_1_203' title='bbox 574 3089 715 3141; x_wconf 86' lang='lat' dir='ltr'>Choerilus</span> 
     </span>
     <span class='ocr_line' id='line_1_39' title="bbox 176 3161 714 3226; baseline -0.007 -12"><span class='ocrx_word' id='word_1_204' title='bbox 176 3163 285 3214; x_wconf 84' lang='lat' dir='ltr'>Samius</span> <span class='ocrx_word' id='word_1_205' title='bbox 299 3164 325 3208; x_wconf 94' lang='lat' dir='ltr'>in</span> <span class='ocrx_word' id='word_1_206' title='bbox 334 3161 506 3210; x_wconf 74' lang='lat' dir='ltr'>Persicorum</span> <span class='ocrx_word' id='word_1_207' title='bbox 521 3161 648 3223; x_wconf 85' lang='lat' dir='ltr'>carmine,</span> <span class='ocrx_word' id='word_1_208' title='bbox 662 3175 714 3226; x_wconf 90' lang='lat' dir='ltr'>quo</span> 
     </span>
     <span class='ocr_line' id='line_1_40' title="bbox 176 3229 715 3296; baseline -0.004 -14"><span class='ocrx_word' id='word_1_209' title='bbox 176 3232 274 3282; x_wconf 81' lang='lat' dir='ltr'>Xerxis</span> <span class='ocrx_word' id='word_1_210' title='bbox 286 3230 486 3295; x_wconf 87' lang='lat' dir='ltr'>expeditionem</span> <span class='ocrx_word' id='word_1_211' title='bbox 498 3229 715 3296; x_wconf 81' lang='lat' dir='ltr'>Graecorumque</span> 
     </span>
     <span class='ocr_line' id='line_1_41' title="bbox 176 3299 716 3364; baseline -0.004 -13"><span class='ocrx_word' id='word_1_212' title='bbox 176 3301 317 3352; x_wconf 82' lang='lat' dir='ltr'>victorium</span> <span class='ocrx_word' id='word_1_213' title='bbox 343 3300 546 3360; x_wconf 85' lang='lat' dir='ltr'>celebrnverat,</span> <span class='ocrx_word' id='word_1_214' title='bbox 571 3299 716 3364; x_wconf 88' lang='lat' dir='ltr'>protulerit</span> 
     </span>
     <span class='ocr_line' id='line_1_42' title="bbox 176 3370 716 3436; baseline -0.006 -15"><span class='ocrx_word' id='word_1_215' title='bbox 176 3371 209 3421; x_wconf 86' lang='lat' dir='ltr'>de</span> <span class='ocrx_word' id='word_1_216' title='bbox 220 3371 335 3436; x_wconf 82' lang='lat' dir='ltr'>singulis</span> <span class='ocrx_word' id='word_1_217' title='bbox 349 3370 475 3434; x_wconf 78' lang='lat' dir='ltr'>gentibus</span> <span class='ocrx_word' id='word_1_218' title='bbox 489 3371 516 3419; x_wconf 94' lang='lat' dir='ltr'>in</span> <span class='ocrx_word' id='word_1_219' title='bbox 526 3371 625 3421; x_wconf 82' lang='lat' dir='ltr'>Xerxis</span> <span class='ocrx_word' id='word_1_220' title='bbox 640 3385 716 3420; x_wconf 88' lang='lat' dir='ltr'>exer·</span> 
     </span>
     <span class='ocr_line' id='line_1_43' title="bbox 177 3441 715 3505; baseline -0.006 -14"><span class='ocrx_word' id='word_1_221' title='bbox 177 3442 234 3491; x_wconf 90' lang='lat' dir='ltr'>citu</span> <span class='ocrx_word' id='word_1_222' title='bbox 246 3441 437 3502; x_wconf 77' lang='lat' dir='ltr'>militantibus,</span> <span class='ocrx_word' id='word_1_223' title='bbox 453 3455 564 3505; x_wconf 88' lang='lat' dir='ltr'>quarum</span> <span class='ocrx_word' id='word_1_224' title='bbox 576 3455 715 3490; x_wconf 84' lang='lat' dir='ltr'>recensum</span> 
     </span>
     <span class='ocr_line' id='line_1_44' title="bbox 177 3505 717 3574; baseline -0.004 -14"><span class='ocrx_word' id='word_1_225' title='bbox 177 3511 306 3560; x_wconf 75' lang='lat' dir='ltr'>carminis</span> <span class='ocrx_word' id='word_1_226' title='bbox 322 3512 399 3560; x_wconf 92' lang='lat' dir='ltr'>initio</span> <span class='ocrx_word' id='word_1_227' title='bbox 413 3510 560 3560; x_wconf 84' lang='lat' dir='ltr'>exhibitum</span> <span class='ocrx_word' id='word_1_228' title='bbox 575 3524 635 3559; x_wconf 89' lang='lat' dir='ltr'>esse</span> <span class='ocrx_word' id='word_1_229' title='bbox 650 3505 717 3574; x_wconf 87' lang='lat' dir='ltr'>pad-</span> 
     </span>
     <span class='ocr_line' id='line_1_45' title="bbox 176 3579 718 3644; baseline -0.007 -14"><span class='ocrx_word' id='word_1_230' title='bbox 176 3579 718 3644; x_wconf 79' lang='lat' dir='ltr'>ca,quaeudhncsupersunt,l&#39;rngmenta</span> 
     </span>
     <span class='ocr_line' id='line_1_46' title="bbox 176 3647 717 3712; baseline -0.004 -14"><span class='ocrx_word' id='word_1_231' title='bbox 176 3649 322 3698; x_wconf 89' lang='lat' dir='ltr'>ostendunt</span> <span class='ocrx_word' id='word_1_232' title='bbox 347 3649 393 3712; x_wconf 83' lang='lat' dir='ltr'>(ei.</span> <span class='ocrx_word' id='word_1_233' title='bbox 422 3648 518 3698; x_wconf 84' lang='lat' dir='ltr'>Nuehe</span> <span class='ocrx_word' id='word_1_234' title='bbox 543 3648 578 3698; x_wconf 82' lang='lat' dir='ltr'>sd</span> <span class='ocrx_word' id='word_1_235' title='bbox 599 3647 717 3698; x_wconf 84' lang='lat' dir='ltr'>Choerili</span> 
     </span>
     <span class='ocr_line' id='line_1_47' title="bbox 176 3717 714 3783; baseline -0.009 -14"><span class='ocrx_word' id='word_1_236' title='bbox 176 3721 311 3783; x_wconf 78' lang='lat' dir='ltr'>Frngmm.</span> <span class='ocrx_word' id='word_1_237' title='bbox 335 3735 360 3782; x_wconf 88' lang='lat' dir='ltr'>p.</span> <span class='ocrx_word' id='word_1_238' title='bbox 374 3717 408 3766; x_wconf 80' lang='lat'>80</span> <span class='ocrx_word' id='word_1_239' title='bbox 422 3733 479 3783; x_wconf 75' lang='lat' dir='ltr'>seq.</span> <span class='ocrx_word' id='word_1_240' title='bbox 496 3719 553 3768; x_wconf 84' lang='grc'>129.</span> <span class='ocrx_word' id='word_1_241' title='bbox 569 3717 617 3766; x_wconf 80' lang='lat' dir='ltr'>ltu</span> <span class='ocrx_word' id='word_1_242' title='bbox 631 3717 714 3782; x_wconf 86' lang='lat' dir='ltr'>seq.):</span> 
     </span>
     <span class='ocr_line' id='line_1_48' title="bbox 177 3787 716 3854; baseline -0.006 -16"><span class='ocrx_word' id='word_1_243' title='bbox 177 3790 204 3838; x_wconf 91' lang='lat' dir='ltr'>id</span> <span class='ocrx_word' id='word_1_244' title='bbox 227 3789 334 3854; x_wconf 88' lang='lat' dir='ltr'>quidem</span> <span class='ocrx_word' id='word_1_245' title='bbox 355 3789 382 3836; x_wconf 93' lang='lat' dir='ltr'>in</span> <span class='ocrx_word' id='word_1_246' title='bbox 405 3792 483 3835; x_wconf 86' lang='lat' dir='ltr'>tanto</span> <span class='ocrx_word' id='word_1_247' title='bbox 504 3787 716 3851; x_wconf 71' lang='lat' dir='ltr'>fragmentorum</span> 
     </span>
     <span class='ocr_line' id='line_1_49' title="bbox 178 3855 716 3924; baseline -0.007 -16"><span class='ocrx_word' id='word_1_248' title='bbox 178 3860 317 3924; x_wconf 74' lang='lat' dir='ltr'>paucitate</span> <span class='ocrx_word' id='word_1_249' title='bbox 336 3863 411 3906; x_wconf 88' lang='lat' dir='ltr'>certo</span> <span class='ocrx_word' id='word_1_250' title='bbox 432 3856 597 3906; x_wconf 89' lang='lat' dir='ltr'>constituere</span> <span class='ocrx_word' id='word_1_251' title='bbox 619 3857 665 3904; x_wconf 83' lang='lat' dir='ltr'>vix</span> <span class='ocrx_word' id='word_1_252' title='bbox 684 3855 716 3904; x_wconf 93' lang='lat' dir='ltr'>li-</span> 
     </span>
     <span class='ocr_line' id='line_1_50' title="bbox 177 3925 715 3978; baseline -0.007 0"><span class='ocrx_word' id='word_1_253' title='bbox 177 3929 257 3978; x_wconf 86' lang='lat' dir='ltr'>cebit.</span> <span class='ocrx_word' id='word_1_254' title='bbox 298 3925 415 3978; x_wconf 81' lang='lat' dir='ltr'>Choerili</span> <span class='ocrx_word' id='word_1_255' title='bbox 439 3929 528 3974; x_wconf 82' lang='lat' dir='ltr'>nutem</span> <span class='ocrx_word' id='word_1_256' title='bbox 550 3941 659 3976; x_wconf 88' lang='lat' dir='ltr'>enrmen</span> <span class='ocrx_word' id='word_1_257' title='bbox 682 3925 715 3974; x_wconf 89' lang='lat' dir='ltr'>ah</span> 
     </span>
     <span class='ocr_line' id='line_1_51' title="bbox 176 3993 716 4049; baseline -0.009 0"><span class='ocrx_word' id='word_1_258' title='bbox 176 3998 317 4049; x_wconf 89' lang='lat' dir='ltr'>Herodoto</span> <span class='ocrx_word' id='word_1_259' title='bbox 339 4001 366 4045; x_wconf 91' lang='lat' dir='ltr'>et</span> <span class='ocrx_word' id='word_1_260' title='bbox 390 3995 489 4044; x_wconf 88' lang='lat' dir='ltr'>lectum</span> <span class='ocrx_word' id='word_1_261' title='bbox 513 3999 540 4043; x_wconf 89' lang='lat' dir='ltr'>et</span> <span class='ocrx_word' id='word_1_262' title='bbox 564 3993 716 4044; x_wconf 77' lang='lat' dir='ltr'>adhibitum</span> 
     </span>
     <span class='ocr_line' id='line_1_52' title="bbox 178 4057 714 4127; baseline -0.011 -9"><span class='ocrx_word' id='word_1_263' title='bbox 178 4071 264 4118; x_wconf 85' lang='lat' dir='ltr'>luisse</span> <span class='ocrx_word' id='word_1_264' title='bbox 289 4073 319 4116; x_wconf 92' lang='lat' dir='ltr'>nt</span> <span class='ocrx_word' id='word_1_265' title='bbox 341 4065 449 4116; x_wconf 80' lang='lat' dir='ltr'>credam</span> <span class='ocrx_word' id='word_1_266' title='bbox 475 4057 714 4127; x_wconf 74' lang='lat' dir='ltr'>(coniNiebuhrt</span> 
     </span>
     <span class='ocr_line' id='line_1_53' title="bbox 177 4133 713 4200; baseline -0.015 -12"><span class='ocrx_word' id='word_1_267' title='bbox 177 4141 310 4200; x_wconf 78' lang='lat' dir='ltr'>Vortriipe</span> <span class='ocrx_word' id='word_1_268' title='bbox 322 4136 366 4184; x_wconf 88' lang='lat' dir='ltr'>iih.</span> <span class='ocrx_word' id='word_1_269' title='bbox 374 4135 423 4184; x_wconf 83' lang='lat' dir='ltr'>ult.</span> <span class='ocrx_word' id='word_1_270' title='bbox 432 4133 528 4184; x_wconf 87' lang='lat' dir='ltr'>Gesch.</span> <span class='ocrx_word' id='word_1_271' title='bbox 539 4134 628 4182; x_wconf 84' lang='lat' dir='ltr'>Berlin</span> <span class='ocrx_word' id='word_1_272' title='bbox 640 4135 713 4183; x_wconf 76' lang='lat'>1847.</span> 
     </span>
     <span class='ocr_line' id='line_1_54' title="bbox 177 4203 713 4272; baseline -0.013 -15"><span class='ocrx_word' id='word_1_273' title='bbox 177 4209 199 4258; x_wconf 87' lang='grc' dir='ltr'>Ι.</span> <span class='ocrx_word' id='word_1_274' title='bbox 211 4225 237 4272; x_wconf 91' lang='lat' dir='ltr'>p.</span> <span class='ocrx_word' id='word_1_275' title='bbox 245 4209 295 4258; x_wconf 74' lang='lat'>387</span> <span class='ocrx_word' id='word_1_276' title='bbox 307 4205 367 4255; x_wconf 90' lang='lat' dir='ltr'>coll.</span> <span class='ocrx_word' id='word_1_277' title='bbox 384 4203 452 4266; x_wconf 77' lang='lat' dir='ltr'>lue),</span> <span class='ocrx_word' id='word_1_278' title='bbox 466 4217 604 4265; x_wconf 80' lang='lat' dir='ltr'>nunquam</span> <span class='ocrx_word' id='word_1_279' title='bbox 616 4203 713 4252; x_wconf 81' lang='lat' dir='ltr'>adduci</span> 
     </span>
     <span class='ocr_line' id='line_1_55' title="bbox 177 4272 714 4340; baseline -0.009 -15"><span class='ocrx_word' id='word_1_280' title='bbox 177 4293 296 4340; x_wconf 87' lang='lat' dir='ltr'>possum.</span> <span class='ocrx_word' id='word_1_281' title='bbox 319 4277 410 4336; x_wconf 73' lang='lat' dir='ltr'>Longe</span> <span class='ocrx_word' id='word_1_282' title='bbox 421 4277 510 4322; x_wconf 88' lang='lat' dir='ltr'>antem</span> <span class='ocrx_word' id='word_1_283' title='bbox 524 4272 662 4321; x_wconf 85' lang='lat' dir='ltr'>Herodoto</span> <span class='ocrx_word' id='word_1_284' title='bbox 675 4273 714 4320; x_wconf 92' lang='lat' dir='ltr'>in·</span> 
     </span>
     <span class='ocr_line' id='line_1_56' title="bbox 176 4341 714 4394; baseline -0.009 0"><span class='ocrx_word' id='word_1_285' title='bbox 176 4347 259 4394; x_wconf 86' lang='lat' dir='ltr'>serior·</span> <span class='ocrx_word' id='word_1_286' title='bbox 273 4349 298 4394; x_wconf 89' lang='lat' dir='ltr'>in</span> <span class='ocrx_word' id='word_1_287' title='bbox 312 4345 352 4392; x_wconf 86' lang='lat' dir='ltr'>his</span> <span class='ocrx_word' id='word_1_288' title='bbox 369 4344 465 4392; x_wconf 85' lang='lat' dir='ltr'>merito</span> <span class='ocrx_word' id='word_1_289' title='bbox 482 4341 618 4392; x_wconf 82' lang='lat' dir='ltr'>iudicetur</span> <span class='ocrx_word' id='word_1_290' title='bbox 629 4342 714 4390; x_wconf 86' lang='lat' dir='ltr'>Choe-</span> 
     </span>
     <span class='ocr_line' id='line_1_57' title="bbox 175 4411 711 4477; baseline -0.007 -13"><span class='ocrx_word' id='word_1_291' title='bbox 175 4415 258 4464; x_wconf 83' lang='lat' dir='ltr'>rilus:</span> <span class='ocrx_word' id='word_1_292' title='bbox 273 4413 328 4464; x_wconf 85' lang='lat' dir='ltr'>vid.</span> <span class='ocrx_word' id='word_1_293' title='bbox 340 4413 433 4462; x_wconf 81' lang='lat' dir='ltr'>Nuehe</span> <span class='ocrx_word' id='word_1_294' title='bbox 443 4413 458 4466; x_wconf 82' lang='lat' dir='ltr'>l.</span> <span class='ocrx_word' id='word_1_295' title='bbox 473 4412 490 4465; x_wconf 90' lang='lat' dir='ltr'>l.</span> <span class='ocrx_word' id='word_1_296' title='bbox 501 4429 527 4477; x_wconf 92' lang='lat' dir='ltr'>p.</span> <span class='ocrx_word' id='word_1_297' title='bbox 540 4411 598 4462; x_wconf 73' lang='lat'>150.</span> <span class='ocrx_word' id='word_1_298' title='bbox 621 4413 711 4477; x_wconf 87' lang='lat' dir='ltr'>ipsum</span> 
     </span>
    </p>
   </div>
   <div class='ocr_carea' id='block_1_7' title="bbox 760 733 1347 4506">
    <p class='ocr_par' dir='ltr' id='par_1_7' title="bbox 760 733 1347 4506">
     <span class='ocr_line' id='line_1_58' title="bbox 763 733 1306 800; baseline 0.004 -20"><span class='ocrx_word' id='word_1_299' title='bbox 763 733 855 796; x_wconf 82' lang='lat' dir='ltr'>copies</span> <span class='ocrx_word' id='word_1_300' title='bbox 875 733 1035 784; x_wconf 85' lang='lat' dir='ltr'>recensendi</span> <span class='ocrx_word' id='word_1_301' title='bbox 1052 733 1176 796; x_wconf 86' lang='lat' dir='ltr'>modum,</span> <span class='ocrx_word' id='word_1_302' title='bbox 1203 734 1249 800; x_wconf 90' lang='lat' dir='ltr'>qni</span> <span class='ocrx_word' id='word_1_303' title='bbox 1269 734 1306 784; x_wconf 83' lang='lat' dir='ltr'>sb</span> 
     </span>
     <span class='ocr_line' id='line_1_59' title="bbox 761 802 1304 868; baseline 0.002 -17"><span class='ocrx_word' id='word_1_304' title='bbox 761 803 901 852; x_wconf 88' lang='lat' dir='ltr'>Herodoto</span> <span class='ocrx_word' id='word_1_305' title='bbox 914 802 939 852; x_wconf 85' lang='lat' dir='ltr'>h.</span> <span class='ocrx_word' id='word_1_306' title='bbox 950 802 968 854; x_wconf 93' lang='lat' dir='ltr'>l.</span> <span class='ocrx_word' id='word_1_307' title='bbox 979 804 1106 866; x_wconf 74' lang='lat' dir='ltr'>traditur,</span> <span class='ocrx_word' id='word_1_308' title='bbox 1120 819 1168 868; x_wconf 90' lang='lat' dir='ltr'>per</span> <span class='ocrx_word' id='word_1_309' title='bbox 1179 803 1304 868; x_wconf 77' lang='lat' dir='ltr'>singulus</span> 
     </span>
     <span class='ocr_line' id='line_1_60' title="bbox 763 872 1306 937; baseline 0.006 -18"><span class='ocrx_word' id='word_1_310' title='bbox 763 872 898 935; x_wconf 88' lang='lat' dir='ltr'>myriades</span> <span class='ocrx_word' id='word_1_311' title='bbox 918 872 971 920; x_wconf 82' lang='lat' dir='ltr'>ium</span> <span class='ocrx_word' id='word_1_312' title='bbox 990 873 1133 937; x_wconf 86' lang='lat' dir='ltr'>attigimus</span> <span class='ocrx_word' id='word_1_313' title='bbox 1147 874 1182 923; x_wconf 84' lang='lat' dir='ltr'>sd</span> <span class='ocrx_word' id='word_1_314' title='bbox 1195 873 1306 933; x_wconf 83' lang='lat' dir='ltr'><strong>1v‚87‚</strong></span> 
     </span>
     <span class='ocr_line' id='line_1_61' title="bbox 763 941 1306 1007; baseline 0.006 -17"><span class='ocrx_word' id='word_1_315' title='bbox 763 955 848 1004; x_wconf 89' lang='lat' dir='ltr'>eoque</span> <span class='ocrx_word' id='word_1_316' title='bbox 863 944 945 992; x_wconf 83' lang='lat' dir='ltr'>etium</span> <span class='ocrx_word' id='word_1_317' title='bbox 961 947 1069 1007; x_wconf 78' lang='lat' dir='ltr'>spectet</span> <span class='ocrx_word' id='word_1_318' title='bbox 1085 941 1178 992; x_wconf 83' lang='lat' dir='ltr'>Schol.</span> <span class='ocrx_word' id='word_1_319' title='bbox 1190 944 1306 993; x_wconf 79' lang='lat' dir='ltr'>Aristid.</span> 
     </span>
     <span class='ocr_line' id='line_1_62' title="bbox 763 1010 1304 1075; baseline 0.004 -17"><span class='ocrx_word' id='word_1_320' title='bbox 763 1026 824 1075; x_wconf 85' lang='lat' dir='ltr'>pag.</span> <span class='ocrx_word' id='word_1_321' title='bbox 838 1011 889 1060; x_wconf 89' lang='grc'>222</span> <span class='ocrx_word' id='word_1_322' title='bbox 906 1010 949 1061; x_wconf 89' lang='lat' dir='ltr'>ed.</span> <span class='ocrx_word' id='word_1_323' title='bbox 966 1010 1112 1061; x_wconf 83' lang='lat' dir='ltr'>Frommel.</span> <span class='ocrx_word' id='word_1_324' title='bbox 1130 1010 1190 1061; x_wconf 90' lang='lat' dir='ltr'>coll.</span> <span class='ocrx_word' id='word_1_325' title='bbox 1208 1012 1304 1062; x_wconf 84' lang='lat' dir='ltr'>Curtio</span> 
     </span>
     <span class='ocr_line' id='line_1_63' title="bbox 762 1081 1303 1144; baseline 0.004 -16"><span class='ocrx_word' id='word_1_326' title='bbox 762 1081 803 1128; x_wconf 88' lang='lat' dir='ltr'>De</span> <span class='ocrx_word' id='word_1_327' title='bbox 820 1081 876 1130; x_wconf 90' lang='lat' dir='ltr'>reb.</span> <span class='ocrx_word' id='word_1_328' title='bbox 897 1087 966 1143; x_wconf 86' lang='lat' dir='ltr'>gest.</span> <span class='ocrx_word' id='word_1_329' title='bbox 987 1081 1135 1133; x_wconf 80' lang='lat' dir='ltr'>Alexandr.</span> <span class='ocrx_word' id='word_1_330' title='bbox 1158 1081 1266 1144; x_wconf 81' lang='lat'><em>111‚2.</em></span> <span class='ocrx_word' id='word_1_331' title='bbox 1288 1081 1303 1130; x_wconf 82' lang='grc'>3</span> 
     </span>
     <span class='ocr_line' id='line_1_64' title="bbox 763 1148 1304 1214; baseline 0.004 -16"><span class='ocrx_word' id='word_1_332' title='bbox 763 1148 821 1212; x_wconf 92' lang='lat' dir='ltr'>(uhi</span> <span class='ocrx_word' id='word_1_333' title='bbox 847 1151 934 1200; x_wconf 89' lang='lat' dir='ltr'>simile</span> <span class='ocrx_word' id='word_1_334' title='bbox 956 1151 1020 1214; x_wconf 87' lang='lat' dir='ltr'>quid</span> <span class='ocrx_word' id='word_1_335' title='bbox 1043 1149 1183 1214; x_wconf 75' lang='lat' dir='ltr'>narratur)</span> <span class='ocrx_word' id='word_1_336' title='bbox 1205 1155 1234 1200; x_wconf 91' lang='lat' dir='ltr'>et</span> <span class='ocrx_word' id='word_1_337' title='bbox 1253 1153 1304 1200; x_wconf 79' lang='lat' dir='ltr'>Ae·</span> 
     </span>
     <span class='ocr_line' id='line_1_65' title="bbox 762 1217 1347 1282; baseline 0.002 -16"><span class='ocrx_word' id='word_1_338' title='bbox 762 1217 848 1282; x_wconf 82' lang='lat' dir='ltr'>sclryl.</span> <span class='ocrx_word' id='word_1_339' title='bbox 863 1221 937 1268; x_wconf 86' lang='lat' dir='ltr'>l&#39;ers.</span> <span class='ocrx_word' id='word_1_340' title='bbox 950 1220 1011 1277; x_wconf 75' lang='lat' dir='ltr'>tut,</span> <span class='ocrx_word' id='word_1_341' title='bbox 1026 1219 1074 1269; x_wconf 91' lang='lat' dir='ltr'>ubi</span> <span class='ocrx_word' id='word_1_342' title='bbox 1084 1220 1138 1268; x_wconf 86' lang='lat' dir='ltr'>vid.</span> <span class='ocrx_word' id='word_1_343' title='bbox 1154 1219 1301 1270; x_wconf 87' lang='lat' dir='ltr'>Blomlield.</span> <span class='ocrx_word' id='word_1_344' title='bbox 1341 1217 1347 1222; x_wconf 76' lang='grc'><strong>’</strong></span> 
     </span>
     <span class='ocr_line' id='line_1_66' title="bbox 760 1287 1304 1353; baseline 0 -17"><span class='ocrx_word' id='word_1_345' title='bbox 760 1288 788 1336; x_wconf 91' lang='lat' dir='ltr'>in</span> <span class='ocrx_word' id='word_1_346' title='bbox 802 1287 952 1338; x_wconf 79' lang='lat' dir='ltr'>Glossario.</span> <span class='ocrx_word' id='word_1_347' title='bbox 977 1290 1071 1353; x_wconf 84' lang='lat' dir='ltr'>Neque</span> <span class='ocrx_word' id='word_1_348' title='bbox 1086 1291 1156 1337; x_wconf 91' lang='lat' dir='ltr'>enim</span> <span class='ocrx_word' id='word_1_349' title='bbox 1173 1287 1218 1337; x_wconf 89' lang='lat' dir='ltr'>illa</span> <span class='ocrx_word' id='word_1_350' title='bbox 1232 1291 1304 1338; x_wconf 88' lang='lat' dir='ltr'>inso-</span> 
     </span>
     <span class='ocr_line' id='line_1_67' title="bbox 762 1356 1305 1422; baseline 0.004 -18"><span class='ocrx_word' id='word_1_351' title='bbox 762 1357 804 1405; x_wconf 92' lang='lat' dir='ltr'>liti</span> <span class='ocrx_word' id='word_1_352' title='bbox 820 1358 883 1422; x_wconf 89' lang='lat' dir='ltr'>quid</span> <span class='ocrx_word' id='word_1_353' title='bbox 898 1358 994 1418; x_wconf 89' lang='lat' dir='ltr'>hahet,</span> <span class='ocrx_word' id='word_1_354' title='bbox 1013 1373 1066 1422; x_wconf 90' lang='lat' dir='ltr'>quo</span> <span class='ocrx_word' id='word_1_355' title='bbox 1080 1356 1236 1408; x_wconf 77' lang='lat' dir='ltr'>offenderis.</span> <span class='ocrx_word' id='word_1_356' title='bbox 1270 1358 1305 1407; x_wconf 94' lang='lat' dir='ltr'>ll·</span> 
     </span>
     <span class='ocr_line' id='line_1_68' title="bbox 760 1426 1303 1492; baseline -0.002 -17"><span class='ocrx_word' id='word_1_357' title='bbox 760 1426 805 1475; x_wconf 91' lang='lat' dir='ltr'>lud</span> <span class='ocrx_word' id='word_1_358' title='bbox 823 1428 908 1490; x_wconf 80' lang='lat' dir='ltr'>magis</span> <span class='ocrx_word' id='word_1_359' title='bbox 924 1427 1085 1492; x_wconf 89' lang='lat' dir='ltr'>quibusdam</span> <span class='ocrx_word' id='word_1_360' title='bbox 1103 1429 1197 1476; x_wconf 85' lang='lat' dir='ltr'>mirum</span> <span class='ocrx_word' id='word_1_361' title='bbox 1214 1427 1303 1476; x_wconf 84' lang='lat' dir='ltr'>videri</span> 
     </span>
     <span class='ocr_line' id='line_1_69' title="bbox 762 1495 1303 1561; baseline 0.002 -17"><span class='ocrx_word' id='word_1_362' title='bbox 762 1503 789 1545; x_wconf 90' lang='lat' dir='ltr'>et</span> <span class='ocrx_word' id='word_1_363' title='bbox 802 1498 848 1545; x_wconf 83' lang='lat' dir='ltr'>vix</span> <span class='ocrx_word' id='word_1_364' title='bbox 861 1495 992 1546; x_wconf 85' lang='lat' dir='ltr'>credibile</span> <span class='ocrx_word' id='word_1_365' title='bbox 1007 1498 1112 1558; x_wconf 84' lang='lat' dir='ltr'>sentio,</span> <span class='ocrx_word' id='word_1_366' title='bbox 1135 1497 1222 1561; x_wconf 88' lang='lat' dir='ltr'>quod,</span> <span class='ocrx_word' id='word_1_367' title='bbox 1243 1511 1303 1545; x_wconf 87' lang='lat' dir='ltr'>enm</span> 
     </span>
     <span class='ocr_line' id='line_1_70' title="bbox 763 1565 1304 1629; baseline 0.006 -16"><span class='ocrx_word' id='word_1_368' title='bbox 763 1569 804 1614; x_wconf 91' lang='lat' dir='ltr'>tot</span> <span class='ocrx_word' id='word_1_369' title='bbox 822 1567 908 1629; x_wconf 88' lang='lat' dir='ltr'>copiis</span> <span class='ocrx_word' id='word_1_370' title='bbox 926 1567 954 1615; x_wconf 93' lang='lat' dir='ltr'>in</span> <span class='ocrx_word' id='word_1_371' title='bbox 968 1565 1110 1616; x_wconf 76' lang='lat' dir='ltr'>Graeciam</span> <span class='ocrx_word' id='word_1_372' title='bbox 1125 1567 1228 1615; x_wconf 84' lang='lat' dir='ltr'>Xerxes</span> <span class='ocrx_word' id='word_1_373' title='bbox 1245 1567 1304 1616; x_wconf 86' lang='lat' dir='ltr'>ine·</span> 
     </span>
     <span class='ocr_line' id='line_1_71' title="bbox 762 1633 1305 1700; baseline 0.002 -17"><span class='ocrx_word' id='word_1_374' title='bbox 762 1636 800 1683; x_wconf 92' lang='lat' dir='ltr'>rit</span> <span class='ocrx_word' id='word_1_375' title='bbox 814 1633 966 1698; x_wconf 84' lang='lat' dir='ltr'>profectus,</span> <span class='ocrx_word' id='word_1_376' title='bbox 982 1636 1047 1700; x_wconf 92' lang='lat' dir='ltr'>quia</span> <span class='ocrx_word' id='word_1_377' title='bbox 1059 1634 1225 1699; x_wconf 79' lang='lat' dir='ltr'>singularum</span> <span class='ocrx_word' id='word_1_378' title='bbox 1241 1649 1305 1698; x_wconf 77' lang='lat' dir='ltr'>gen-</span> 
     </span>
     <span class='ocr_line' id='line_1_72' title="bbox 762 1701 1304 1772; baseline 0.004 -20"><span class='ocrx_word' id='word_1_379' title='bbox 762 1705 830 1753; x_wconf 90' lang='lat' dir='ltr'>tium</span> <span class='ocrx_word' id='word_1_380' title='bbox 848 1709 876 1754; x_wconf 90' lang='lat' dir='ltr'>et</span> <span class='ocrx_word' id='word_1_381' title='bbox 890 1706 1027 1772; x_wconf 77' lang='lat' dir='ltr'>copiarum</span> <span class='ocrx_word' id='word_1_382' title='bbox 1047 1701 1251 1769; x_wconf 75' lang='lat' dir='ltr'>computeti&#39;ons</span> <span class='ocrx_word' id='word_1_383' title='bbox 1264 1705 1304 1754; x_wconf 82' lang='lat' dir='ltr'>lu·</span> 
     </span>
     <span class='ocr_line' id='line_1_73' title="bbox 762 1773 1304 1838; baseline 0.002 -16"><span class='ocrx_word' id='word_1_384' title='bbox 762 1779 790 1822; x_wconf 89' lang='lat' dir='ltr'>ct</span> <span class='ocrx_word' id='word_1_385' title='bbox 801 1775 914 1838; x_wconf 73' lang='lat' dir='ltr'>cingens</span> <span class='ocrx_word' id='word_1_386' title='bbox 925 1773 988 1823; x_wconf 89' lang='lat' dir='ltr'>inde</span> <span class='ocrx_word' id='word_1_387' title='bbox 997 1775 1102 1824; x_wconf 84' lang='lat' dir='ltr'>exsistit</span> <span class='ocrx_word' id='word_1_388' title='bbox 1115 1775 1304 1838; x_wconf 88' lang='lat' dir='ltr'>numerus,qui</span> 
     </span>
     <span class='ocr_line' id='line_1_74' title="bbox 762 1843 1305 1908; baseline -0.002 -16"><span class='ocrx_word' id='word_1_389' title='bbox 762 1843 805 1892; x_wconf 84' lang='lat' dir='ltr'>rel</span> <span class='ocrx_word' id='word_1_390' title='bbox 820 1845 949 1908; x_wconf 78' lang='lat' dir='ltr'>quinquies</span> <span class='ocrx_word' id='word_1_391' title='bbox 968 1849 996 1893; x_wconf 90' lang='lat' dir='ltr'>et</span> <span class='ocrx_word' id='word_1_392' title='bbox 1012 1846 1086 1894; x_wconf 80' lang='lat' dir='ltr'>uicies</span> <span class='ocrx_word' id='word_1_393' title='bbox 1106 1852 1210 1894; x_wconf 81' lang='lat' dir='ltr'>centena</span> <span class='ocrx_word' id='word_1_394' title='bbox 1227 1846 1305 1894; x_wconf 79' lang='lat' dir='ltr'>mittin</span> 
     </span>
     <span class='ocr_line' id='line_1_75' title="bbox 763 1912 1305 1977; baseline -0.004 -14"><span class='ocrx_word' id='word_1_395' title='bbox 763 1913 889 1963; x_wconf 81' lang='lat' dir='ltr'>excedet.</span> <span class='ocrx_word' id='word_1_396' title='bbox 925 1913 988 1962; x_wconf 90' lang='lat' dir='ltr'>Vid.</span> <span class='ocrx_word' id='word_1_397' title='bbox 1005 1913 1073 1966; x_wconf 87' lang='lat' dir='ltr'>Vll.</span> <span class='ocrx_word' id='word_1_398' title='bbox 1089 1914 1152 1964; x_wconf 72' lang='lat'>1⁸4:</span> <span class='ocrx_word' id='word_1_399' title='bbox 1172 1927 1250 1977; x_wconf 88' lang='lat' dir='ltr'>quem</span> <span class='ocrx_word' id='word_1_400' title='bbox 1265 1912 1305 1961; x_wconf 92' lang='lat' dir='ltr'>lo-</span> 
     </span>
     <span class='ocr_line' id='line_1_76' title="bbox 762 1982 1304 2048; baseline -0.002 -15"><span class='ocrx_word' id='word_1_401' title='bbox 762 1998 823 2033; x_wconf 91' lang='lat' dir='ltr'>cum</span> <span class='ocrx_word' id='word_1_402' title='bbox 837 1998 891 2032; x_wconf 84' lang='lat' dir='ltr'>uns</span> <span class='ocrx_word' id='word_1_403' title='bbox 900 1997 961 2032; x_wconf 90' lang='lat' dir='ltr'>eum</span> <span class='ocrx_word' id='word_1_404' title='bbox 973 1982 1085 2048; x_wconf 85' lang='lat' dir='ltr'>reliquis</span> <span class='ocrx_word' id='word_1_405' title='bbox 1096 1983 1260 2032; x_wconf 89' lang='lat' dir='ltr'>testimoniis</span> <span class='ocrx_word' id='word_1_406' title='bbox 1270 1983 1304 2032; x_wconf 89' lang='lat' dir='ltr'>de</span> 
     </span>
     <span class='ocr_line' id='line_1_77' title="bbox 763 2051 1303 2115; baseline -0.002 -14"><span class='ocrx_word' id='word_1_407' title='bbox 763 2067 873 2102; x_wconf 87' lang='lat' dir='ltr'>numero</span> <span class='ocrx_word' id='word_1_408' title='bbox 885 2051 936 2102; x_wconf 92' lang='lat' dir='ltr'>hoc</span> <span class='ocrx_word' id='word_1_409' title='bbox 952 2051 1044 2101; x_wconf 89' lang='lat' dir='ltr'>retulit</span> <span class='ocrx_word' id='word_1_410' title='bbox 1056 2053 1177 2102; x_wconf 89' lang='lat' dir='ltr'>Brisson.</span> <span class='ocrx_word' id='word_1_411' title='bbox 1191 2052 1233 2100; x_wconf 92' lang='lat' dir='ltr'>De</span> <span class='ocrx_word' id='word_1_412' title='bbox 1247 2067 1303 2115; x_wconf 84' lang='lat' dir='ltr'>reg.</span> 
     </span>
     <span class='ocr_line' id='line_1_78' title="bbox 762 2121 1305 2185; baseline -0.002 -14"><span class='ocrx_word' id='word_1_413' title='bbox 762 2123 869 2172; x_wconf 82' lang='lat' dir='ltr'>Perssr.</span> <span class='ocrx_word' id='word_1_414' title='bbox 888 2122 1005 2185; x_wconf 90' lang='lat' dir='ltr'>princip.</span> <span class='ocrx_word' id='word_1_415' title='bbox 1018 2122 1076 2183; x_wconf 81' lang='lat'>111,</span> <span class='ocrx_word' id='word_1_416' title='bbox 1096 2122 1138 2170; x_wconf 84' lang='grc'>72.</span> <span class='ocrx_word' id='word_1_417' title='bbox 1180 2121 1305 2185; x_wconf 70' lang='lat' dir='ltr'>Namque</span> 
     </span>
     <span class='ocr_line' id='line_1_79' title="bbox 763 2189 1305 2256; baseline -0.004 -16"><span class='ocrx_word' id='word_1_418' title='bbox 763 2191 832 2240; x_wconf 87' lang='lat' dir='ltr'>alios</span> <span class='ocrx_word' id='word_1_419' title='bbox 846 2197 877 2240; x_wconf 90' lang='lat' dir='ltr'>ut</span> <span class='ocrx_word' id='word_1_420' title='bbox 896 2197 1000 2240; x_wconf 87' lang='lat' dir='ltr'>taceum</span> <span class='ocrx_word' id='word_1_421' title='bbox 1019 2198 1158 2250; x_wconf 83' lang='lat' dir='ltr'>suctores,</span> <span class='ocrx_word' id='word_1_422' title='bbox 1177 2189 1305 2256; x_wconf 88' lang='lat' dir='ltr'>dissentit</span> 
     </span>
     <span class='ocr_line' id='line_1_80' title="bbox 763 2257 1304 2325; baseline 0 -17"><span class='ocrx_word' id='word_1_423' title='bbox 763 2260 933 2325; x_wconf 87' lang='lat' dir='ltr'>potissimum</span> <span class='ocrx_word' id='word_1_424' title='bbox 949 2261 984 2309; x_wconf 90' lang='lat' dir='ltr'>ah</span> <span class='ocrx_word' id='word_1_425' title='bbox 1000 2260 1139 2309; x_wconf 86' lang='lat' dir='ltr'>Herodoto</span> <span class='ocrx_word' id='word_1_426' title='bbox 1154 2257 1261 2309; x_wconf 82' lang='lat' dir='ltr'>Ctesias</span> <span class='ocrx_word' id='word_1_427' title='bbox 1277 2261 1304 2308; x_wconf 90' lang='lat' dir='ltr'>in</span> 
     </span>
     <span class='ocr_line' id='line_1_81' title="bbox 762 2329 1303 2394; baseline -0.004 -14"><span class='ocrx_word' id='word_1_428' title='bbox 762 2331 881 2380; x_wconf 87' lang='lat' dir='ltr'>Persice.</span> <span class='ocrx_word' id='word_1_429' title='bbox 908 2331 1050 2394; x_wconf 77' lang='lat' dir='ltr'>ilxcerptt.</span> <span class='ocrx_word' id='word_1_430' title='bbox 1078 2333 1101 2392; x_wconf 66' lang='grc' dir='ltr'>ξ.</span> <span class='ocrx_word' id='word_1_431' title='bbox 1125 2329 1158 2378; x_wconf 81' lang='grc'>23</span> <span class='ocrx_word' id='word_1_432' title='bbox 1178 2331 1303 2393; x_wconf 80' lang='lat' dir='ltr'>octopium</span> 
     </span>
     <span class='ocr_line' id='line_1_82' title="bbox 762 2399 1305 2461; baseline -0.004 -13"><span class='ocrx_word' id='word_1_433' title='bbox 762 2404 868 2449; x_wconf 83' lang='lat' dir='ltr'>tantum</span> <span class='ocrx_word' id='word_1_434' title='bbox 878 2400 1004 2461; x_wconf 66' lang='lat' dir='ltr'>rrepriodes</span> <span class='ocrx_word' id='word_1_435' title='bbox 1014 2399 1099 2450; x_wconf 87' lang='lat' dir='ltr'>luisse</span> <span class='ocrx_word' id='word_1_436' title='bbox 1112 2413 1237 2448; x_wconf 79' lang='lat' dir='ltr'>namsns:</span> <span class='ocrx_word' id='word_1_437' title='bbox 1252 2399 1305 2448; x_wconf 88' lang='lat' dir='ltr'>nisi</span> 
     </span>
     <span class='ocr_line' id='line_1_83' title="bbox 763 2467 1307 2533; baseline -0.002 -16"><span class='ocrx_word' id='word_1_438' title='bbox 763 2469 791 2518; x_wconf 89' lang='lat' dir='ltr'>in</span> <span class='ocrx_word' id='word_1_439' title='bbox 804 2469 878 2533; x_wconf 86' lang='lat' dir='ltr'>ipsos</span> <span class='ocrx_word' id='word_1_440' title='bbox 892 2469 972 2519; x_wconf 87' lang='lat' dir='ltr'>hosce</span> <span class='ocrx_word' id='word_1_441' title='bbox 986 2483 1125 2527; x_wconf 83' lang='lat' dir='ltr'>numeros,</span> <span class='ocrx_word' id='word_1_442' title='bbox 1145 2469 1186 2517; x_wconf 86' lang='lat' dir='ltr'>uti</span> <span class='ocrx_word' id='word_1_443' title='bbox 1197 2467 1243 2530; x_wconf 86' lang='lat' dir='ltr'>fit,</span> <span class='ocrx_word' id='word_1_444' title='bbox 1262 2470 1307 2516; x_wconf 79' lang='lat' dir='ltr'>vi-</span> 
     </span>
     <span class='ocr_line' id='line_1_84' title="bbox 765 2538 1304 2602; baseline 0 -16"><span class='ocrx_word' id='word_1_445' title='bbox 765 2539 833 2586; x_wconf 91' lang='lat' dir='ltr'>tium</span> <span class='ocrx_word' id='word_1_446' title='bbox 860 2539 1009 2602; x_wconf 87' lang='lat' dir='ltr'>irrepserit.</span> <span class='ocrx_word' id='word_1_447' title='bbox 1048 2538 1120 2600; x_wconf 86' lang='lat' dir='ltr'>Quin</span> <span class='ocrx_word' id='word_1_448' title='bbox 1144 2539 1304 2600; x_wconf 80' lang='lat' dir='ltr'>septnnpintn</span> 
     </span>
     <span class='ocr_line' id='line_1_85' title="bbox 765 2605 1304 2672; baseline -0.002 -16"><span class='ocrx_word' id='word_1_449' title='bbox 765 2606 845 2656; x_wconf 90' lang='lat' dir='ltr'>modo</span> <span class='ocrx_word' id='word_1_450' title='bbox 862 2609 989 2672; x_wconf 71' lang='lat' dir='ltr'>myriades</span> <span class='ocrx_word' id='word_1_451' title='bbox 1005 2610 1084 2672; x_wconf 90' lang='lat' dir='ltr'>ponit</span> <span class='ocrx_word' id='word_1_452' title='bbox 1099 2605 1204 2658; x_wconf 83' lang='lat' dir='ltr'>Aelian.</span> <span class='ocrx_word' id='word_1_453' title='bbox 1221 2607 1253 2658; x_wconf 90' lang='lat' dir='ltr'>V.</span> <span class='ocrx_word' id='word_1_454' title='bbox 1268 2607 1304 2656; x_wconf 92' lang='lat' dir='ltr'>H.</span> 
     </span>
     <span class='ocr_line' id='line_1_86' title="bbox 764 2675 1304 2741; baseline 0 -16"><span class='ocrx_word' id='word_1_455' title='bbox 764 2677 842 2734; x_wconf 87' lang='lat' dir='ltr'>Xlll,</span> <span class='ocrx_word' id='word_1_456' title='bbox 857 2677 873 2723; x_wconf 73' lang='lat'>³</span> <span class='ocrx_word' id='word_1_457' title='bbox 887 2679 1005 2741; x_wconf 84' lang='lat' dir='ltr'>itemque</span> <span class='ocrx_word' id='word_1_458' title='bbox 1018 2675 1159 2726; x_wconf 87' lang='lat' dir='ltr'>Cornelius</span> <span class='ocrx_word' id='word_1_459' title='bbox 1171 2677 1262 2740; x_wconf 89' lang='lat' dir='ltr'>Nepos</span> <span class='ocrx_word' id='word_1_460' title='bbox 1276 2677 1304 2725; x_wconf 91' lang='lat' dir='ltr'>in</span> 
     </span>
     <span class='ocr_line' id='line_1_87' title="bbox 764 2743 1306 2810; baseline 0.002 -16"><span class='ocrx_word' id='word_1_461' title='bbox 764 2747 813 2794; x_wconf 83' lang='lat' dir='ltr'>vit.</span> <span class='ocrx_word' id='word_1_462' title='bbox 833 2743 1011 2796; x_wconf 82' lang='lat' dir='ltr'>Themistocl.</span> <span class='ocrx_word' id='word_1_463' title='bbox 1029 2747 1045 2794; x_wconf 89' lang='grc'>2</span> <span class='ocrx_word' id='word_1_464' title='bbox 1063 2744 1240 2810; x_wconf 87' lang='lat' dir='ltr'>(,‚terrestres</span> <span class='ocrx_word' id='word_1_465' title='bbox 1259 2761 1306 2795; x_wconf 84' lang='lat' dir='ltr'>au-</span> 
     </span>
     <span class='ocr_line' id='line_1_88' title="bbox 764 2815 1305 2880; baseline 0.002 -18"><span class='ocrx_word' id='word_1_466' title='bbox 764 2819 817 2864; x_wconf 90' lang='lat' dir='ltr'>tem</span> <span class='ocrx_word' id='word_1_467' title='bbox 836 2815 970 2865; x_wconf 86' lang='lat' dir='ltr'>exereitus</span> <span class='ocrx_word' id='word_1_468' title='bbox 993 2816 1225 2880; x_wconf 81' lang='lat' dir='ltr'>septingentorum</span> <span class='ocrx_word' id='word_1_469' title='bbox 1247 2815 1305 2864; x_wconf 90' lang='lat' dir='ltr'>mil-</span> 
     </span>
     <span class='ocr_line' id='line_1_89' title="bbox 763 2883 1307 2950; baseline 0 -17"><span class='ocrx_word' id='word_1_470' title='bbox 763 2883 829 2933; x_wconf 89' lang='lat' dir='ltr'>lium</span> <span class='ocrx_word' id='word_1_471' title='bbox 844 2883 978 2948; x_wconf 88' lang='lat' dir='ltr'>peditum,</span> <span class='ocrx_word' id='word_1_472' title='bbox 990 2887 1112 2950; x_wconf 85' lang='lat' dir='ltr'>equitum</span> <span class='ocrx_word' id='word_1_473' title='bbox 1127 2885 1307 2950; x_wconf 83' lang='lat' dir='ltr'>quadringen-</span> 
     </span>
     <span class='ocr_line' id='line_1_90' title="bbox 764 2953 1305 3019; baseline 0 -17"><span class='ocrx_word' id='word_1_474' title='bbox 764 2960 853 3004; x_wconf 87' lang='lat' dir='ltr'>torum</span> <span class='ocrx_word' id='word_1_475' title='bbox 869 2953 981 3004; x_wconf 90' lang='lat' dir='ltr'>millium</span> <span class='ocrx_word' id='word_1_476' title='bbox 993 2953 1147 3019; x_wconf 80' lang='lat' dir='ltr'>fuerunt“):</span> <span class='ocrx_word' id='word_1_477' title='bbox 1171 2955 1207 3004; x_wconf 92' lang='lat' dir='ltr'>ad</span> <span class='ocrx_word' id='word_1_478' title='bbox 1227 2969 1305 3019; x_wconf 88' lang='lat' dir='ltr'>quem</span> 
     </span>
     <span class='ocr_line' id='line_1_91' title="bbox 765 3022 1307 3088; baseline -0.002 -16"><span class='ocrx_word' id='word_1_479' title='bbox 765 3022 853 3072; x_wconf 91' lang='lat' dir='ltr'>locum</span> <span class='ocrx_word' id='word_1_480' title='bbox 878 3023 982 3088; x_wconf 81' lang='lat' dir='ltr'>reliqna</span> <span class='ocrx_word' id='word_1_481' title='bbox 1007 3029 1127 3074; x_wconf 90' lang='lat' dir='ltr'>veterum</span> <span class='ocrx_word' id='word_1_482' title='bbox 1147 3025 1307 3074; x_wconf 86' lang='lat' dir='ltr'>testimonia</span> 
     </span>
     <span class='ocr_line' id='line_1_92' title="bbox 766 3092 1304 3158; baseline 0.004 -18"><span class='ocrx_word' id='word_1_483' title='bbox 766 3092 857 3141; x_wconf 84' lang='lat' dir='ltr'>attulit</span> <span class='ocrx_word' id='word_1_484' title='bbox 872 3093 977 3142; x_wconf 91' lang='lat' dir='ltr'>Bosios.</span> <span class='ocrx_word' id='word_1_485' title='bbox 1019 3095 1051 3142; x_wconf 92' lang='lat' dir='ltr'>In</span> <span class='ocrx_word' id='word_1_486' title='bbox 1071 3095 1168 3158; x_wconf 91' lang='lat' dir='ltr'>quihus</span> <span class='ocrx_word' id='word_1_487' title='bbox 1185 3095 1304 3142; x_wconf 87' lang='lat' dir='ltr'>numeris</span> 
     </span>
     <span class='ocr_line' id='line_1_93' title="bbox 765 3163 1305 3228; baseline -0.002 -16"><span class='ocrx_word' id='word_1_488' title='bbox 765 3163 882 3214; x_wconf 83' lang='lat' dir='ltr'>diversis</span> <span class='ocrx_word' id='word_1_489' title='bbox 902 3177 991 3212; x_wconf 86' lang='lat' dir='ltr'>seeum</span> <span class='ocrx_word' id='word_1_490' title='bbox 1008 3163 1198 3227; x_wconf 74' lang='lat' dir='ltr'>comparandis</span> <span class='ocrx_word' id='word_1_491' title='bbox 1221 3167 1305 3228; x_wconf 83' lang='lat' dir='ltr'>atque</span> 
     </span>
     <span class='ocr_line' id='line_1_94' title="bbox 765 3229 1306 3296; baseline -0.002 -15"><span class='ocrx_word' id='word_1_492' title='bbox 765 3229 943 3282; x_wconf 83' lang='lat' dir='ltr'>conciliandis</span> <span class='ocrx_word' id='word_1_493' title='bbox 955 3230 1037 3282; x_wconf 89' lang='lat' dir='ltr'>nolim</span> <span class='ocrx_word' id='word_1_494' title='bbox 1051 3233 1203 3294; x_wconf 87' lang='lat' dir='ltr'>immorari,</span> <span class='ocrx_word' id='word_1_495' title='bbox 1217 3233 1306 3296; x_wconf 89' lang='lat' dir='ltr'>utqui</span> 
     </span>
     <span class='ocr_line' id='line_1_95' title="bbox 765 3299 1305 3365; baseline 0 -15"><span class='ocrx_word' id='word_1_496' title='bbox 765 3301 849 3365; x_wconf 90' lang='lat' dir='ltr'>probe</span> <span class='ocrx_word' id='word_1_497' title='bbox 863 3302 962 3360; x_wconf 86' lang='lat' dir='ltr'>sciam,</span> <span class='ocrx_word' id='word_1_498' title='bbox 986 3303 1014 3350; x_wconf 91' lang='lat' dir='ltr'>in</span> <span class='ocrx_word' id='word_1_499' title='bbox 1030 3299 1131 3351; x_wconf 84' lang='lat' dir='ltr'>talibus</span> <span class='ocrx_word' id='word_1_500' title='bbox 1144 3302 1190 3350; x_wconf 79' lang='lat' dir='ltr'>vix</span> <span class='ocrx_word' id='word_1_501' title='bbox 1203 3303 1251 3351; x_wconf 91' lang='lat' dir='ltr'>uni</span> <span class='ocrx_word' id='word_1_502' title='bbox 1267 3302 1305 3350; x_wconf 86' lang='lat' dir='ltr'>al·</span> 
     </span>
     <span class='ocr_line' id='line_1_96' title="bbox 768 3371 1306 3435; baseline 0.002 -16"><span class='ocrx_word' id='word_1_503' title='bbox 768 3371 873 3435; x_wconf 82' lang='lat' dir='ltr'>torique</span> <span class='ocrx_word' id='word_1_504' title='bbox 887 3372 1016 3434; x_wconf 84' lang='lat' dir='ltr'>scriptori</span> <span class='ocrx_word' id='word_1_505' title='bbox 1031 3371 1176 3422; x_wconf 86' lang='lat' dir='ltr'>convenire</span> <span class='ocrx_word' id='word_1_506' title='bbox 1192 3385 1252 3421; x_wconf 91' lang='lat' dir='ltr'>cum</span> <span class='ocrx_word' id='word_1_507' title='bbox 1267 3371 1306 3420; x_wconf 87' lang='lat' dir='ltr'>sl-</span> 
     </span>
     <span class='ocr_line' id='line_1_97' title="bbox 768 3439 1307 3492; baseline 0.002 -3"><span class='ocrx_word' id='word_1_508' title='bbox 768 3445 835 3490; x_wconf 92' lang='lat' dir='ltr'>tero.</span> <span class='ocrx_word' id='word_1_509' title='bbox 862 3439 1004 3491; x_wconf 88' lang='lat' dir='ltr'>Numerum</span> <span class='ocrx_word' id='word_1_510' title='bbox 1021 3455 1085 3492; x_wconf 84' lang='lat' dir='ltr'>vero</span> <span class='ocrx_word' id='word_1_511' title='bbox 1097 3439 1172 3490; x_wconf 88' lang='lat' dir='ltr'>illurn</span> <span class='ocrx_word' id='word_1_512' title='bbox 1185 3440 1307 3491; x_wconf 88' lang='lat' dir='ltr'>Herodo-</span> 
     </span>
     <span class='ocr_line' id='line_1_98' title="bbox 767 3509 1306 3576; baseline 0.004 -18"><span class='ocrx_word' id='word_1_513' title='bbox 767 3509 839 3560; x_wconf 83' lang='lat' dir='ltr'>teum</span> <span class='ocrx_word' id='word_1_514' title='bbox 853 3510 875 3556; x_wconf 88' lang='lat' dir='ltr'>si</span> <span class='ocrx_word' id='word_1_515' title='bbox 888 3510 997 3560; x_wconf 89' lang='lat' dir='ltr'>nimium</span> <span class='ocrx_word' id='word_1_516' title='bbox 1011 3515 1038 3560; x_wconf 91' lang='lat' dir='ltr'>et</span> <span class='ocrx_word' id='word_1_517' title='bbox 1052 3515 1244 3576; x_wconf 74' lang='lat' dir='ltr'>exaggeratum</span> <span class='ocrx_word' id='word_1_518' title='bbox 1260 3526 1306 3575; x_wconf 92' lang='lat' dir='ltr'>po-</span> 
     </span>
     <span class='ocr_line' id='line_1_99' title="bbox 766 3579 1306 3641; baseline 0.004 -13"><span class='ocrx_word' id='word_1_519' title='bbox 766 3594 876 3636; x_wconf 88' lang='lat' dir='ltr'>namus,</span> <span class='ocrx_word' id='word_1_520' title='bbox 899 3594 953 3629; x_wconf 92' lang='lat' dir='ltr'>uon</span> <span class='ocrx_word' id='word_1_521' title='bbox 970 3579 1125 3641; x_wconf 88' lang='lat' dir='ltr'>Herodoto,</span> <span class='ocrx_word' id='word_1_522' title='bbox 1142 3579 1190 3630; x_wconf 89' lang='lat' dir='ltr'>scd</span> <span class='ocrx_word' id='word_1_523' title='bbox 1208 3581 1306 3630; x_wconf 89' lang='lat' dir='ltr'>Persa·</span> 
     </span>
     <span class='ocr_line' id='line_1_100' title="bbox 766 3649 1306 3714; baseline 0 -16"><span class='ocrx_word' id='word_1_524' title='bbox 766 3663 825 3698; x_wconf 89' lang='lat' dir='ltr'>rum</span> <span class='ocrx_word' id='word_1_525' title='bbox 839 3649 950 3702; x_wconf 83' lang='lat' dir='ltr'>scribis.</span> <span class='ocrx_word' id='word_1_526' title='bbox 967 3663 982 3698; x_wconf 91' lang='lat' dir='ltr'>e</span> <span class='ocrx_word' id='word_1_527' title='bbox 996 3664 1109 3714; x_wconf 90' lang='lat' dir='ltr'>quorum</span> <span class='ocrx_word' id='word_1_528' title='bbox 1123 3649 1306 3699; x_wconf 83' lang='lat' dir='ltr'>voluminibus</span> 
     </span>
     <span class='ocr_line' id='line_1_101' title="bbox 767 3717 1307 3782; baseline -0.002 -15"><span class='ocrx_word' id='word_1_529' title='bbox 767 3719 899 3782; x_wconf 89' lang='lat' dir='ltr'>inspectis</span> <span class='ocrx_word' id='word_1_530' title='bbox 919 3717 964 3769; x_wconf 89' lang='lat' dir='ltr'>ille</span> <span class='ocrx_word' id='word_1_531' title='bbox 987 3717 1125 3780; x_wconf 85' lang='lat' dir='ltr'>retulerit,</span> <span class='ocrx_word' id='word_1_532' title='bbox 1152 3717 1203 3768; x_wconf 90' lang='lat' dir='ltr'>hoc</span> <span class='ocrx_word' id='word_1_533' title='bbox 1223 3719 1307 3768; x_wconf 82' lang='lat' dir='ltr'>morit</span> 
     </span>
     <span class='ocr_line' id='line_1_102' title="bbox 767 3787 1308 3852; baseline -0.004 -16"><span class='ocrx_word' id='word_1_534' title='bbox 767 3787 962 3851; x_wconf 75' lang='lat' dir='ltr'>imputandum¹</span> <span class='ocrx_word' id='word_1_535' title='bbox 981 3789 1021 3837; x_wconf 80' lang='lat' dir='ltr'>Ac</span> <span class='ocrx_word' id='word_1_536' title='bbox 1031 3788 1131 3837; x_wconf 88' lang='lat' dir='ltr'>dudum</span> <span class='ocrx_word' id='word_1_537' title='bbox 1144 3788 1250 3852; x_wconf 85' lang='lat' dir='ltr'>quidem</span> <span class='ocrx_word' id='word_1_538' title='bbox 1262 3789 1308 3838; x_wconf 91' lang='lat' dir='ltr'>ob-</span> 
     </span>
     <span class='ocr_line' id='line_1_103' title="bbox 767 3855 1306 3922; baseline 0 -16"><span class='ocrx_word' id='word_1_539' title='bbox 767 3863 892 3907; x_wconf 82' lang='lat' dir='ltr'>servaret</span> <span class='ocrx_word' id='word_1_540' title='bbox 907 3857 1013 3907; x_wconf 84' lang='lat' dir='ltr'>Gibbon</span> <span class='ocrx_word' id='word_1_541' title='bbox 1035 3855 1153 3922; x_wconf 87' lang='lat' dir='ltr'>(Histor.</span> <span class='ocrx_word' id='word_1_542' title='bbox 1168 3857 1196 3918; x_wconf 84' lang='lat'>1,</span> <span class='ocrx_word' id='word_1_543' title='bbox 1215 3857 1254 3906; x_wconf 77' lang='lat'>17.</span> <span class='ocrx_word' id='word_1_544' title='bbox 1273 3859 1306 3906; x_wconf 83' lang='lat' dir='ltr'>T.</span> 
     </span>
     <span class='ocr_line' id='line_1_104' title="bbox 769 3925 1306 3990; baseline -0.004 -14"><span class='ocrx_word' id='word_1_545' title='bbox 769 3929 815 3976; x_wconf 93' lang='lat' dir='ltr'>lV.</span> <span class='ocrx_word' id='word_1_546' title='bbox 825 3942 851 3990; x_wconf 89' lang='lat' dir='ltr'>p.</span> <span class='ocrx_word' id='word_1_547' title='bbox 866 3927 895 3975; x_wconf 81' lang='lat'>14</span> <span class='ocrx_word' id='word_1_548' title='bbox 909 3941 965 3990; x_wconf 88' lang='lat' dir='ltr'>seq.</span> <span class='ocrx_word' id='word_1_549' title='bbox 979 3925 1209 3990; x_wconf 80' lang='lat' dir='ltr'>vers.Germnn.),</span> <span class='ocrx_word' id='word_1_550' title='bbox 1220 3925 1306 3974; x_wconf 86' lang='lat' dir='ltr'>videri</span> 
     </span>
     <span class='ocr_line' id='line_1_105' title="bbox 766 3995 1307 4060; baseline -0.002 -16"><span class='ocrx_word' id='word_1_551' title='bbox 766 3995 949 4045; x_wconf 87' lang='lat' dir='ltr'>Herodoteum</span> <span class='ocrx_word' id='word_1_552' title='bbox 967 3995 1068 4046; x_wconf 86' lang='lat' dir='ltr'>huncce</span> <span class='ocrx_word' id='word_1_553' title='bbox 1081 3995 1220 4060; x_wconf 83' lang='lat' dir='ltr'>copiarum</span> <span class='ocrx_word' id='word_1_554' title='bbox 1236 3996 1307 4044; x_wconf 87' lang='lat' dir='ltr'>indi-</span> 
     </span>
     <span class='ocr_line' id='line_1_106' title="bbox 767 4064 1308 4126; baseline -0.006 -11"><span class='ocrx_word' id='word_1_555' title='bbox 767 4079 824 4115; x_wconf 87' lang='lat' dir='ltr'>cem</span> <span class='ocrx_word' id='word_1_556' title='bbox 837 4067 905 4114; x_wconf 89' lang='lat' dir='ltr'>satis</span> <span class='ocrx_word' id='word_1_557' title='bbox 919 4071 1047 4115; x_wconf 86' lang='lat' dir='ltr'>accurate</span> <span class='ocrx_word' id='word_1_558' title='bbox 1059 4065 1171 4126; x_wconf 85' lang='lat' dir='ltr'>facturn,</span> <span class='ocrx_word' id='word_1_559' title='bbox 1187 4064 1234 4115; x_wconf 83' lang='lat' dir='ltr'>sed</span> <span class='ocrx_word' id='word_1_560' title='bbox 1245 4065 1308 4113; x_wconf 87' lang='lat' dir='ltr'>Per-</span> 
     </span>
     <span class='ocr_line' id='line_1_107' title="bbox 766 4134 1306 4199; baseline -0.002 -16"><span class='ocrx_word' id='word_1_561' title='bbox 766 4149 856 4184; x_wconf 89' lang='lat' dir='ltr'>sarum</span> <span class='ocrx_word' id='word_1_562' title='bbox 871 4149 957 4199; x_wconf 88' lang='lat' dir='ltr'>aequs</span> <span class='ocrx_word' id='word_1_563' title='bbox 968 4151 1000 4184; x_wconf 82' lang='lat' dir='ltr'>sc</span> <span class='ocrx_word' id='word_1_564' title='bbox 1011 4135 1173 4185; x_wconf 70' lang='lat' dir='ltr'>Graecorum</span> <span class='ocrx_word' id='word_1_565' title='bbox 1186 4134 1306 4182; x_wconf 69' lang='lat' dir='ltr'>vanitati</span> 
     </span>
     <span class='ocr_line' id='line_1_108' title="bbox 765 4203 1306 4268; baseline 0 -18"><span class='ocrx_word' id='word_1_566' title='bbox 765 4205 881 4253; x_wconf 81' lang='lat' dir='ltr'>dirersis</span> <span class='ocrx_word' id='word_1_567' title='bbox 894 4205 1018 4268; x_wconf 83' lang='lat' dir='ltr'>quamvis</span> <span class='ocrx_word' id='word_1_568' title='bbox 1037 4221 1050 4252; x_wconf 86' lang='lat' dir='ltr'>n</span> <span class='ocrx_word' id='word_1_569' title='bbox 1072 4203 1223 4254; x_wconf 70' lang='lat' dir='ltr'>rationibus</span> <span class='ocrx_word' id='word_1_570' title='bbox 1242 4217 1306 4250; x_wconf 89' lang='lat' dir='ltr'>eon-</span> 
     </span>
     <span class='ocr_line' id='line_1_109' title="bbox 765 4271 1304 4326; baseline -0.006 -4"><span class='ocrx_word' id='word_1_571' title='bbox 765 4275 889 4326; x_wconf 81' lang='lat' dir='ltr'>venisse.</span> <span class='ocrx_word' id='word_1_572' title='bbox 908 4279 938 4322; x_wconf 91' lang='lat' dir='ltr'>ut</span> <span class='ocrx_word' id='word_1_573' title='bbox 960 4275 985 4322; x_wconf 92' lang='lat' dir='ltr'>in</span> <span class='ocrx_word' id='word_1_574' title='bbox 1007 4275 1093 4322; x_wconf 82' lang='lat' dir='ltr'>maius</span> <span class='ocrx_word' id='word_1_575' title='bbox 1110 4287 1215 4322; x_wconf 88' lang='lat' dir='ltr'>ornnem</span> <span class='ocrx_word' id='word_1_576' title='bbox 1234 4271 1304 4320; x_wconf 90' lang='lat' dir='ltr'>hune</span> 
     </span>
     <span class='ocr_line' id='line_1_110' title="bbox 764 4341 1305 4406; baseline -0.004 -16"><span class='ocrx_word' id='word_1_577' title='bbox 764 4350 925 4406; x_wconf 77' lang='lat' dir='ltr'>apparatum</span> <span class='ocrx_word' id='word_1_578' title='bbox 939 4343 1063 4392; x_wconf 81' lang='lat' dir='ltr'>bellicum</span> <span class='ocrx_word' id='word_1_579' title='bbox 1076 4343 1232 4392; x_wconf 86' lang='lat' dir='ltr'>extulerint.</span> <span class='ocrx_word' id='word_1_580' title='bbox 1258 4341 1305 4390; x_wconf 83' lang='lat' dir='ltr'>Sic</span> 
     </span>
     <span class='ocr_line' id='line_1_111' title="bbox 763 4410 1302 4478; baseline 0.004 -20"><span class='ocrx_word' id='word_1_581' title='bbox 763 4427 869 4478; x_wconf 85' lang='lat' dir='ltr'>qrroque</span> <span class='ocrx_word' id='word_1_582' title='bbox 888 4412 980 4460; x_wconf 60' lang='lat' dir='ltr'>Irerrhe</span> <span class='ocrx_word' id='word_1_583' title='bbox 1002 4413 1129 4476; x_wconf 75' lang='lat' dir='ltr'>(l&#39;rnvels</span> <span class='ocrx_word' id='word_1_584' title='bbox 1153 4415 1180 4461; x_wconf 92' lang='lat' dir='ltr'>in</span> <span class='ocrx_word' id='word_1_585' title='bbox 1205 4410 1302 4461; x_wconf 89' lang='lat' dir='ltr'>North.</span> 
     </span>
     <span class='ocr_line' id='line_1_112' title="bbox 1157 4483 1174 4506; baseline 0 0"><span class='ocrx_word' id='word_1_586' title='bbox 1157 4483 1174 4506; x_wconf 63' lang='grc' dir='ltr'><strong>Χ</strong></span> 
     </span>
    </p>
   </div>
   <div class='ocr_carea' id='block_1_8' title="bbox 0 0 1538 4972">
    <p class='ocr_par' dir='ltr' id='par_1_8' title="bbox 0 0 1538 4972">
     <span class='ocr_line' id='line_1_113' title="bbox 0 0 1538 4972; baseline 0 0"><span class='ocrx_word' id='word_1_587' title='bbox 0 0 1538 4972; x_wconf 95' lang='lat' dir='ltr'> </span> 
     </span>
    </p>
   </div>
  </div>
 </body>
</html>
