<?xml version="1.0" encoding="UTF-8"?>
<!DOCTYPE html PUBLIC "-//W3C//DTD XHTML 1.0 Transitional//EN"
    "http://www.w3.org/TR/xhtml1/DTD/xhtml1-transitional.dtd">
<html xmlns="http://www.w3.org/1999/xhtml" xml:lang="en" lang="en">
 <head>
  <title>
</title>
<meta http-equiv="Content-Type" content="text/html;charset=utf-8" />
  <meta name='ocr-system' content='tesseract 3.04.00' />
  <meta name='ocr-capabilities' content='ocr_page ocr_carea ocr_par ocr_line ocrx_word'/>
</head>
<body>
  <div class='ocr_page' id='page_1' title='image "./herodotihalicar01bhgoog_0650.png"; bbox 0 0 2994 4980; ppageno 0'>
   <div class='ocr_carea' id='block_1_1' title="bbox 464 377 1302 448">
    <p class='ocr_par' dir='ltr' id='par_1_1' title="bbox 464 377 1302 448">
     <span class='ocr_line' id='line_1_1' title="bbox 464 377 1302 448; baseline 0.001 -10"><span class='ocrx_word' id='word_1_1' title='bbox 464 377 739 440; x_wconf 87' lang='lat' dir='ltr'><strong>POLYMNIA.</strong></span> <span class='ocrx_word' id='word_1_2' title='bbox 765 377 835 439; x_wconf 87' lang='lat' dir='ltr'>Vll.</span> <span class='ocrx_word' id='word_1_3' title='bbox 860 389 1015 448; x_wconf 72' lang='lat' dir='ltr'>rsa—134.</span> <span class='ocrx_word' id='word_1_4' title='bbox 1241 379 1302 440; x_wconf 85' lang='lat'>637</span> 
     </span>
    </p>
   </div>
   <div class='ocr_carea' id='block_1_2' title="bbox 171 547 1370 1466">
    <p class='ocr_par' dir='ltr' id='par_1_2' title="bbox 171 547 1370 1466">
     <span class='ocr_line' id='line_1_2' title="bbox 171 547 1304 640; baseline -0.004 -18"><span class='ocrx_word' id='word_1_5' title='bbox 171 555 208 622; x_wconf 83' lang='grc' dir='ltr'>ἐκ</span> <span class='ocrx_word' id='word_1_6' title='bbox 236 551 365 621; x_wconf 79' lang='grc' dir='ltr'><em>τούτων</em></span> <span class='ocrx_word' id='word_1_7' title='bbox 392 554 510 640; x_wconf 82' lang='grc' dir='ltr'><em>φέρειν</em></span> <span class='ocrx_word' id='word_1_8' title='bbox 537 549 627 639; x_wconf 80' lang='grc' dir='ltr'><em>παρὰ</em></span> <span class='ocrx_word' id='word_1_9' title='bbox 654 553 804 638; x_wconf 74' lang='grc' dir='ltr'><em>βασιλέα.</em></span> <span class='ocrx_word' id='word_1_10' title='bbox 854 551 983 620; x_wconf 84' lang='grc' dir='ltr'><em>τούτων</em></span> <span class='ocrx_word' id='word_1_11' title='bbox 1008 553 1071 640; x_wconf 71' lang='grc' dir='ltr'>μὲν</span> <span class='ocrx_word' id='word_1_12' title='bbox 1100 557 1212 621; x_wconf 79' lang='grc' dir='ltr'>εἵνεκα</span> <span class='ocrx_word' id='word_1_13' title='bbox 1241 547 1304 618; x_wconf 81' lang='grc' dir='ltr'>οὐκ</span> 
     </span>
     <span class='ocr_line' id='line_1_3' title="bbox 172 651 1303 743; baseline -0.003 -18"><span class='ocrx_word' id='word_1_14' title='bbox 172 663 298 743; x_wconf 80' lang='grc' dir='ltr'><strong><em>ἔπεμψε</em></strong></span> <span class='ocrx_word' id='word_1_15' title='bbox 317 658 440 742; x_wconf 78' lang='grc' dir='ltr'><em>Ξέρξης</em></span> <span class='ocrx_word' id='word_1_16' title='bbox 462 653 540 734; x_wconf 81' lang='grc' dir='ltr'>τούς</span> <span class='ocrx_word' id='word_1_17' title='bbox 564 655 767 742; x_wconf 78' lang='grc' dir='ltr'><em>αἰτήσοντας.</em></span> <span class='ocrx_word' id='word_1_18' title='bbox 810 651 849 722; x_wconf 83' lang='grc' dir='ltr'>Ὅ</span> <span class='ocrx_word' id='word_1_19' title='bbox 872 685 903 723; x_wconf 92' lang='grc' dir='ltr'>τι</span> <span class='ocrx_word' id='word_1_20' title='bbox 932 655 971 724; x_wconf 71' lang='grc' dir='ltr'>δὲ’</span> <span class='ocrx_word' id='word_1_21' title='bbox 990 671 1074 725; x_wconf 80' lang='lat' dir='ltr'>totos</span> <span class='ocrx_word' id='word_1_22' title='bbox 1097 653 1303 743; x_wconf 75' lang='grc' dir='ltr'><em>Ἀθηναίοισι</em></span> 
     </span>
     <span class='ocr_line' id='line_1_4' title="bbox 171 755 1303 847; baseline -0.001 -20"><span class='ocrx_word' id='word_1_23' title='bbox 171 767 275 828; x_wconf 81' lang='grc' dir='ltr'><em>ταῦτα</em></span> <span class='ocrx_word' id='word_1_24' title='bbox 290 756 537 845; x_wconf 59' lang='lat' dir='ltr'>collocutoris</span> <span class='ocrx_word' id='word_1_25' title='bbox 552 757 699 844; x_wconf 81' lang='grc' dir='ltr'>κήρυκας</span> <span class='ocrx_word' id='word_1_26' title='bbox 715 757 893 846; x_wconf 79' lang='grc' dir='ltr'><em>συνήνεικε</em></span> <span class='ocrx_word' id='word_1_27' title='bbox 909 755 1116 847; x_wconf 74' lang='grc' dir='ltr'><em>ἀνεθέλητον</em></span> <span class='ocrx_word' id='word_1_28' title='bbox 1132 761 1303 845; x_wconf 80' lang='grc' dir='ltr'><em>γενέσθαι,</em></span> 
     </span>
     <span class='ocr_line' id='line_1_5' title="bbox 172 855 1301 950; baseline -0.002 -20"><span class='ocrx_word' id='word_1_29' title='bbox 172 860 312 949; x_wconf 67' lang='lat' dir='ltr'>celeripes</span> <span class='ocrx_word' id='word_1_30' title='bbox 328 861 435 945; x_wconf 81' lang='grc' dir='ltr'><em>εἷται,</em></span> <span class='ocrx_word' id='word_1_31' title='bbox 458 860 545 949; x_wconf 76' lang='grc' dir='ltr'><em>πλὴν</em></span> <span class='ocrx_word' id='word_1_32' title='bbox 562 858 613 928; x_wconf 88' lang='grc' dir='ltr'>ὄτι</span> <span class='ocrx_word' id='word_1_33' title='bbox 628 865 743 947; x_wconf 78' lang='grc' dir='ltr'><em>σφέων</em></span> <span class='ocrx_word' id='word_1_34' title='bbox 760 855 788 949; x_wconf 80' lang='grc' dir='ltr'><em>ἡ</em></span> <span class='ocrx_word' id='word_1_35' title='bbox 799 861 889 948; x_wconf 73' lang='grc' dir='ltr'><em>χώρη</em></span> <span class='ocrx_word' id='word_1_36' title='bbox 911 863 964 928; x_wconf 82' lang='grc' dir='ltr'>καλ</span> <span class='ocrx_word' id='word_1_37' title='bbox 987 858 1116 950; x_wconf 77' lang='grc' dir='ltr'><strong><em>ἡπόλις</em></strong></span> <span class='ocrx_word' id='word_1_38' title='bbox 1136 860 1301 949; x_wconf 75' lang='grc' dir='ltr'><em>ἐδηλώθη·</em></span> 
     </span>
     <span class='ocr_line' id='line_1_6' title="bbox 171 962 1370 1052; baseline -0.003 -18"><span class='ocrx_word' id='word_1_39' title='bbox 171 963 256 1034; x_wconf 74' lang='grc' dir='ltr'><em>ἀλλὰ</em></span> <span class='ocrx_word' id='word_1_40' title='bbox 276 971 374 1033; x_wconf 84' lang='grc' dir='ltr'><em>τοῦτο</em></span> <span class='ocrx_word' id='word_1_41' title='bbox 394 962 435 1032; x_wconf 85' lang='grc' dir='ltr'>οὐ</span> <span class='ocrx_word' id='word_1_42' title='bbox 450 963 505 1032; x_wconf 81' lang='grc' dir='ltr'>διὰ</span> <span class='ocrx_word' id='word_1_43' title='bbox 526 965 651 1050; x_wconf 83' lang='grc' dir='ltr'><em>ταύτην</em></span> <span class='ocrx_word' id='word_1_44' title='bbox 666 962 726 1050; x_wconf 81' lang='grc' dir='ltr'>τὴν</span> <span class='ocrx_word' id='word_1_45' title='bbox 748 969 858 1052; x_wconf 78' lang='grc' dir='ltr'><em>αἰτίην</em></span> <span class='ocrx_word' id='word_1_46' title='bbox 873 967 978 1034; x_wconf 76' lang='grc' dir='ltr'><em>δοκέω</em></span> <span class='ocrx_word' id='word_1_47' title='bbox 992 968 1162 1051; x_wconf 74' lang='grc' dir='ltr'><em>γενέσθαι.</em></span> <span class='ocrx_word' id='word_1_48' title='bbox 1211 972 1302 1031; x_wconf 79' lang='grc' dir='ltr'><em>Τοῖσι</em></span> <span class='ocrx_word' id='word_1_49' title='bbox 1314 969 1370 1031; x_wconf 82' lang='grc'>134</span> 
     </span>
     <span class='ocr_line' id='line_1_7' title="bbox 173 1059 1301 1156; baseline -0.003 -19"><span class='ocrx_word' id='word_1_50' title='bbox 173 1070 208 1137; x_wconf 73' lang='grc' dir='ltr'>δὲ</span> <span class='ocrx_word' id='word_1_51' title='bbox 225 1059 273 1136; x_wconf 74' lang='grc' dir='ltr'>ὧν</span> <span class='ocrx_word' id='word_1_52' title='bbox 284 1072 574 1156; x_wconf 79' lang='grc' dir='ltr'><em>Λακεδαιμονίοισι</em></span> <span class='ocrx_word' id='word_1_53' title='bbox 590 1072 686 1153; x_wconf 80' lang='grc' dir='ltr'>μῆνις</span> <span class='ocrx_word' id='word_1_54' title='bbox 700 1068 886 1154; x_wconf 77' lang='grc' dir='ltr'><strong><em>κατέσκηψε</em></strong></span> <span class='ocrx_word' id='word_1_55' title='bbox 902 1073 1188 1156; x_wconf 86' lang='grc' dir='ltr'><em>Ταλθυβίου,τοῦ</em></span> <span class='ocrx_word' id='word_1_56' title='bbox 1205 1064 1301 1152; x_wconf 59' lang='lat' dir='ltr'>’slya-</span> 
     </span>
     <span class='ocr_line' id='line_1_8' title="bbox 172 1167 1307 1260; baseline -0.003 -20"><span class='ocrx_word' id='word_1_57' title='bbox 172 1171 335 1260; x_wconf 75' lang='grc' dir='ltr'><em>μέμνονος</em></span> <span class='ocrx_word' id='word_1_58' title='bbox 349 1173 503 1259; x_wconf 76' lang='grc' dir='ltr'><strong><em>κήρυκος.</em></strong></span> <span class='ocrx_word' id='word_1_59' title='bbox 539 1173 576 1238; x_wconf 81' lang='grc' dir='ltr'>ἐν</span> <span class='ocrx_word' id='word_1_60' title='bbox 589 1169 653 1256; x_wconf 77' lang='grc' dir='ltr'>γὰρ</span> <span class='ocrx_word' id='word_1_61' title='bbox 668 1167 808 1258; x_wconf 79' lang='grc' dir='ltr'><em>Σπάρτη</em></span> <span class='ocrx_word' id='word_1_62' title='bbox 829 1173 897 1238; x_wconf 78' lang='grc' dir='ltr'><em>ἐστὶ</em></span> <span class='ocrx_word' id='word_1_63' title='bbox 918 1178 1113 1258; x_wconf 78' lang='grc' dir='ltr'><em>Ταλθυβίου</em></span> <span class='ocrx_word' id='word_1_64' title='bbox 1128 1171 1216 1258; x_wconf 76' lang='lat' dir='ltr'>ipsiu·</span> <span class='ocrx_word' id='word_1_65' title='bbox 1242 1171 1307 1238; x_wconf 77' lang='lat' dir='ltr'>eloi</span> 
     </span>
     <span class='ocr_line' id='line_1_9' title="bbox 175 1271 1306 1361; baseline -0.002 -19"><span class='ocrx_word' id='word_1_66' title='bbox 175 1276 286 1343; x_wconf 76' lang='grc' dir='ltr'><em>δὲκαὶ</em></span> <span class='ocrx_word' id='word_1_67' title='bbox 309 1271 468 1360; x_wconf 79' lang='grc' dir='ltr'><em>ἀπόγονοι</em></span> <span class='ocrx_word' id='word_1_68' title='bbox 489 1280 703 1360; x_wconf 87' lang='grc' dir='ltr'><em>Ταλθυβίου,</em></span> <span class='ocrx_word' id='word_1_69' title='bbox 736 1274 968 1361; x_wconf 75' lang='grc' dir='ltr'>Ταλθυβιάδαι</span> <span class='ocrx_word' id='word_1_70' title='bbox 984 1273 1195 1361; x_wconf 79' lang='grc' dir='ltr'>καλεόμενοι,</span> <span class='ocrx_word' id='word_1_71' title='bbox 1221 1288 1306 1341; x_wconf 87' lang='grc' dir='ltr'><em>τοῖσι</em></span> 
     </span>
     <span class='ocr_line' id='line_1_10' title="bbox 176 1375 1306 1466; baseline -0.001 -21"><span class='ocrx_word' id='word_1_72' title='bbox 176 1383 213 1446; x_wconf 77' lang='grc' dir='ltr'>αι’</span> <span class='ocrx_word' id='word_1_73' title='bbox 225 1385 404 1466; x_wconf 77' lang='grc' dir='ltr'><em>κηρυκηΐαι</em></span> <span class='ocrx_word' id='word_1_74' title='bbox 426 1381 463 1444; x_wconf 91' lang='grc' dir='ltr'>αί</span> <span class='ocrx_word' id='word_1_75' title='bbox 482 1379 518 1444; x_wconf 81' lang='grc' dir='ltr'>ἐκ</span> <span class='ocrx_word' id='word_1_76' title='bbox 539 1376 698 1462; x_wconf 80' lang='grc' dir='ltr'><strong><em>Σπάρτης</em></strong></span> <span class='ocrx_word' id='word_1_77' title='bbox 721 1381 823 1443; x_wconf 79' lang='grc' dir='ltr'><em>πᾶσαι</em></span> <span class='ocrx_word' id='word_1_78' title='bbox 844 1375 943 1465; x_wconf 79' lang='grc' dir='ltr'><em>γέρας</em></span> <span class='ocrx_word' id='word_1_79' title='bbox 964 1376 1129 1447; x_wconf 82' lang='grc' dir='ltr'><em>δέδονται.</em></span> <span class='ocrx_word' id='word_1_80' title='bbox 1166 1375 1247 1466; x_wconf 80' lang='grc' dir='ltr'>μετὰ</span> <span class='ocrx_word' id='word_1_81' title='bbox 1269 1377 1306 1444; x_wconf 77' lang='grc' dir='ltr'>δὲ</span> 
     </span>
    </p>
   </div>
   <div class='ocr_carea' id='block_1_3' title="bbox 143 1580 1306 2199">
    <p class='ocr_par' dir='ltr' id='par_1_3' title="bbox 143 1580 1306 2199">
     <span class='ocr_line' id='line_1_11' title="bbox 175 1580 1306 1646; baseline -0.001 -13"><span class='ocrx_word' id='word_1_82' title='bbox 175 1583 371 1644; x_wconf 85' lang='lat' dir='ltr'>deiicerentur,</span> <span class='ocrx_word' id='word_1_83' title='bbox 386 1587 416 1631; x_wconf 89' lang='lat' dir='ltr'>ut</span> <span class='ocrx_word' id='word_1_84' title='bbox 430 1582 546 1630; x_wconf 90' lang='lat' dir='ltr'>traditur</span> <span class='ocrx_word' id='word_1_85' title='bbox 559 1581 587 1629; x_wconf 91' lang='lat' dir='ltr'>in</span> <span class='ocrx_word' id='word_1_86' title='bbox 599 1580 715 1631; x_wconf 82' lang='lat' dir='ltr'>Belskeri</span> <span class='ocrx_word' id='word_1_87' title='bbox 766 1588 810 1632; x_wconf 89' lang='lat' dir='ltr'>tus</span> <span class='ocrx_word' id='word_1_88' title='bbox 828 1583 959 1632; x_wconf 83' lang='lat' dir='ltr'>inflictam</span> <span class='ocrx_word' id='word_1_89' title='bbox 977 1581 1011 1632; x_wconf 94' lang='lat' dir='ltr'>ob</span> <span class='ocrx_word' id='word_1_90' title='bbox 1027 1597 1177 1646; x_wconf 74' lang='lat' dir='ltr'><strong>praecones</strong></span> <span class='ocrx_word' id='word_1_91' title='bbox 1191 1583 1306 1632; x_wconf 86' lang='lat' dir='ltr'>interie-</span> 
     </span>
     <span class='ocr_line' id='line_1_12' title="bbox 174 1650 1305 1716; baseline 0 -14"><span class='ocrx_word' id='word_1_92' title='bbox 174 1650 354 1704; x_wconf 65' lang='lat' dir='ltr'>enecentur.</span> <span class='ocrx_word' id='word_1_93' title='bbox 368 1651 497 1715; x_wconf 76' lang='lat' dir='ltr'>pag.2lil.</span> <span class='ocrx_word' id='word_1_94' title='bbox 520 1651 560 1700; x_wconf 87' lang='lat' dir='ltr'>De</span> <span class='ocrx_word' id='word_1_95' title='bbox 577 1665 629 1714; x_wconf 90' lang='lat' dir='ltr'>quo</span> <span class='ocrx_word' id='word_1_96' title='bbox 642 1657 715 1700; x_wconf 82' lang='lat' dir='ltr'>vete·</span> <span class='ocrx_word' id='word_1_97' title='bbox 766 1661 826 1702; x_wconf 90' lang='lat' dir='ltr'>ctos</span> <span class='ocrx_word' id='word_1_98' title='bbox 850 1667 879 1701; x_wconf 91' lang='lat' dir='ltr'>se</span> <span class='ocrx_word' id='word_1_99' title='bbox 910 1652 1019 1701; x_wconf 84' lang='lat' dir='ltr'>novisse</span> <span class='ocrx_word' id='word_1_100' title='bbox 1046 1656 1143 1716; x_wconf 80' lang='lat' dir='ltr'>negat:</span> <span class='ocrx_word' id='word_1_101' title='bbox 1175 1653 1305 1716; x_wconf 79' lang='lat' dir='ltr'>Spartani</span> 
     </span>
     <span class='ocr_line' id='line_1_13' title="bbox 175 1720 1306 1786; baseline 0.001 -16"><span class='ocrx_word' id='word_1_102' title='bbox 175 1737 233 1770; x_wconf 88' lang='lat' dir='ltr'>rum</span> <span class='ocrx_word' id='word_1_103' title='bbox 253 1721 409 1770; x_wconf 86' lang='lat' dir='ltr'>testimonia</span> <span class='ocrx_word' id='word_1_104' title='bbox 425 1720 527 1768; x_wconf 90' lang='lat' dir='ltr'>dabunt</span> <span class='ocrx_word' id='word_1_105' title='bbox 542 1720 640 1768; x_wconf 86' lang='lat' dir='ltr'>lileurs.</span> <span class='ocrx_word' id='word_1_106' title='bbox 657 1724 714 1772; x_wconf 80' lang='lat' dir='ltr'>Ast.</span> <span class='ocrx_word' id='word_1_107' title='bbox 766 1721 830 1786; x_wconf 89' lang='lat' dir='ltr'>qnid</span> <span class='ocrx_word' id='word_1_108' title='bbox 840 1722 953 1771; x_wconf 89' lang='lat' dir='ltr'>eandem</span> <span class='ocrx_word' id='word_1_109' title='bbox 964 1721 998 1770; x_wconf 91' lang='lat' dir='ltr'>ob</span> <span class='ocrx_word' id='word_1_110' title='bbox 1008 1736 1062 1770; x_wconf 89' lang='lat' dir='ltr'>rem</span> <span class='ocrx_word' id='word_1_111' title='bbox 1076 1724 1151 1786; x_wconf 89' lang='lat' dir='ltr'>passi</span> <span class='ocrx_word' id='word_1_112' title='bbox 1161 1723 1230 1784; x_wconf 90' lang='lat' dir='ltr'>siut,</span> <span class='ocrx_word' id='word_1_113' title='bbox 1243 1723 1306 1772; x_wconf 87' lang='lat' dir='ltr'>inde</span> 
     </span>
     <span class='ocr_line' id='line_1_14' title="bbox 176 1787 1302 1856; baseline 0 -16"><span class='ocrx_word' id='word_1_114' title='bbox 176 1793 267 1840; x_wconf 66' lang='lat' dir='ltr'>lrectt.</span> <span class='ocrx_word' id='word_1_115' title='bbox 284 1790 314 1850; x_wconf 93' lang='lat' dir='ltr'>l,</span> <span class='ocrx_word' id='word_1_116' title='bbox 331 1791 380 1850; x_wconf 81' lang='lat'>25,</span> <span class='ocrx_word' id='word_1_117' title='bbox 404 1787 593 1837; x_wconf 79' lang='lat' dir='ltr'>ll&#39;aclrsmuth:</span> <span class='ocrx_word' id='word_1_118' title='bbox 608 1787 714 1840; x_wconf 78' lang='lat' dir='ltr'>Hellen.</span> <span class='ocrx_word' id='word_1_119' title='bbox 767 1805 783 1838; x_wconf 88' lang='lat' dir='ltr'>a</span> <span class='ocrx_word' id='word_1_120' title='bbox 799 1805 859 1853; x_wconf 90' lang='lat' dir='ltr'>cap.</span> <span class='ocrx_word' id='word_1_121' title='bbox 883 1793 931 1840; x_wconf 75' lang='lat'>1:54</span> <span class='ocrx_word' id='word_1_122' title='bbox 951 1797 979 1840; x_wconf 90' lang='lat' dir='ltr'>et</span> <span class='ocrx_word' id='word_1_123' title='bbox 999 1806 1075 1855; x_wconf 91' lang='lat' dir='ltr'>seqq.</span> <span class='ocrx_word' id='word_1_124' title='bbox 1098 1793 1250 1856; x_wconf 81' lang='lat' dir='ltr'>exponitur.</span> <span class='ocrx_word' id='word_1_125' title='bbox 1271 1817 1302 1828; x_wconf 93' lang='lat'>-</span> 
     </span>
     <span class='ocr_line' id='line_1_15' title="bbox 176 1852 1306 1922; baseline 0 -12"><span class='ocrx_word' id='word_1_126' title='bbox 176 1855 587 1920; x_wconf 76' lang='lat' dir='ltr'>Alserthumek.11.p.²ot,c.</span> <span class='ocrx_word' id='word_1_127' title='bbox 603 1857 717 1906; x_wconf 72' lang='lat' dir='ltr'>Rider·</span> <span class='ocrx_word' id='word_1_128' title='bbox 765 1852 894 1922; x_wconf 73' lang='grc' dir='ltr'><em>ἐδηιώθη</em></span> <span class='ocrx_word' id='word_1_129' title='bbox 918 1875 978 1909; x_wconf 87' lang='lat' dir='ltr'>cum</span> <span class='ocrx_word' id='word_1_130' title='bbox 1003 1860 1149 1910; x_wconf 80' lang='lat' dir='ltr'>Schaelero</span> <span class='ocrx_word' id='word_1_131' title='bbox 1174 1861 1306 1911; x_wconf 85' lang='lat' dir='ltr'>dederunt</span> 
     </span>
     <span class='ocr_line' id='line_1_16' title="bbox 177 1921 1305 2002; baseline 0.002 -24"><span class='ocrx_word' id='word_1_132' title='bbox 177 1944 273 1978; x_wconf 90' lang='lat' dir='ltr'>mann:</span> <span class='ocrx_word' id='word_1_133' title='bbox 287 1925 393 1977; x_wconf 83' lang='lat' dir='ltr'>Griech.</span> <span class='ocrx_word' id='word_1_134' title='bbox 405 1924 608 1975; x_wconf 81' lang='lat' dir='ltr'>Staatsalterth.</span> <span class='ocrx_word' id='word_1_135' title='bbox 619 1929 642 1987; x_wconf 68' lang='grc' dir='ltr'>ξ.</span> <span class='ocrx_word' id='word_1_136' title='bbox 658 1927 716 2002; x_wconf 73' lang='lat' dir='ltr'>ild.</span> <span class='ocrx_word' id='word_1_137' title='bbox 766 1929 930 1978; x_wconf 76' lang='lat' dir='ltr'>recentiores</span> <span class='ocrx_word' id='word_1_138' title='bbox 946 1928 1006 1978; x_wconf 88' lang='lat' dir='ltr'>edd.</span> <span class='ocrx_word' id='word_1_139' title='bbox 1021 1943 1070 1993; x_wconf 90' lang='lat' dir='ltr'>pro</span> <span class='ocrx_word' id='word_1_140' title='bbox 1084 1921 1211 1994; x_wconf 78' lang='grc' dir='ltr'><em>ἐδηιβθη.</em></span> <span class='ocrx_word' id='word_1_141' title='bbox 1243 1931 1305 1980; x_wconf 81' lang='lat' dir='ltr'>vid.</span> 
     </span>
     <span class='ocr_line' id='line_1_17' title="bbox 143 1994 1305 2060; baseline -0.001 -11"><span class='ocrx_word' id='word_1_142' title='bbox 143 2011 146 2018; x_wconf 90' lang='grc'><strong>’</strong></span> <span class='ocrx_word' id='word_1_143' title='bbox 176 2004 232 2049; x_wconf 85' lang='lat' dir='ltr'>not¹</span> <span class='ocrx_word' id='word_1_144' title='bbox 247 1998 273 2048; x_wconf 85' lang='lat'>8.</span> <span class='ocrx_word' id='word_1_145' title='bbox 291 2023 325 2032; x_wconf 92' lang='lat'><em>-</em></span> <span class='ocrx_word' id='word_1_146' title='bbox 346 1997 378 2045; x_wconf 88' lang='lat' dir='ltr'>ln</span> <span class='ocrx_word' id='word_1_147' title='bbox 395 2010 468 2059; x_wconf 87' lang='lat' dir='ltr'>seqq.</span> <span class='ocrx_word' id='word_1_148' title='bbox 486 1994 522 2044; x_wconf 91' lang='lat' dir='ltr'>ad</span> <span class='ocrx_word' id='word_1_149' title='bbox 543 2009 635 2044; x_wconf 86' lang='lat' dir='ltr'>vocem</span> <span class='ocrx_word' id='word_1_150' title='bbox 652 2007 717 2042; x_wconf 76' lang='lat' dir='ltr'>aas·</span> <span class='ocrx_word' id='word_1_151' title='bbox 766 1997 882 2046; x_wconf 86' lang='lat' dir='ltr'>Bradov.</span> <span class='ocrx_word' id='word_1_152' title='bbox 894 1998 981 2060; x_wconf 64' lang='lat' dir='ltr'>pella</span> <span class='ocrx_word' id='word_1_153' title='bbox 992 2003 1020 2046; x_wconf 88' lang='lat' dir='ltr'>et</span> <span class='ocrx_word' id='word_1_154' title='bbox 1031 1997 1103 2049; x_wconf 82' lang='lat' dir='ltr'>coni.</span> <span class='ocrx_word' id='word_1_155' title='bbox 1115 1999 1216 2048; x_wconf 89' lang='lat' dir='ltr'>Herod.</span> <span class='ocrx_word' id='word_1_156' title='bbox 1228 1999 1305 2056; x_wconf 81' lang='lat' dir='ltr'>vm,</span> 
     </span>
     <span class='ocr_line' id='line_1_18' title="bbox 177 2065 718 2130; baseline -0.006 -15"><span class='ocrx_word' id='word_1_157' title='bbox 177 2067 317 2130; x_wconf 80' lang='grc' dir='ltr'><em>θὲλητον,</em></span> <span class='ocrx_word' id='word_1_158' title='bbox 340 2079 392 2129; x_wconf 85' lang='lat' dir='ltr'>qua</span> <span class='ocrx_word' id='word_1_159' title='bbox 410 2067 483 2113; x_wconf 83' lang='lat' dir='ltr'>triste</span> <span class='ocrx_word' id='word_1_160' title='bbox 497 2065 622 2128; x_wconf 79' lang='lat' dir='ltr'><strong><em>quidpiam</em></strong></span> <span class='ocrx_word' id='word_1_161' title='bbox 636 2078 658 2118; x_wconf 88' lang='lat' dir='ltr'>s.</span> <span class='ocrx_word' id='word_1_162' title='bbox 674 2079 718 2112; x_wconf 86' lang='lat' dir='ltr'>cu·</span> 
     </span>
     <span class='ocr_line' id='line_1_19' title="bbox 176 2132 718 2199; baseline -0.009 -13"><span class='ocrx_word' id='word_1_163' title='bbox 176 2139 278 2187; x_wconf 78' lang='lat' dir='ltr'>lumilas</span> <span class='ocrx_word' id='word_1_164' title='bbox 302 2132 486 2199; x_wconf 84' lang='lat' dir='ltr'>significatur,</span> <span class='ocrx_word' id='word_1_165' title='bbox 516 2133 572 2182; x_wconf 90' lang='lat' dir='ltr'>vid.</span> <span class='ocrx_word' id='word_1_166' title='bbox 593 2139 661 2183; x_wconf 91' lang='lat' dir='ltr'>nott.</span> <span class='ocrx_word' id='word_1_167' title='bbox 684 2132 718 2182; x_wconf 89' lang='lat' dir='ltr'>ad</span> 
     </span>
    </p>
   </div>
   <div class='ocr_carea' id='block_1_4' title="bbox 767 2065 1306 2199">
    <p class='ocr_par' dir='ltr' id='par_1_4' title="bbox 767 2065 1306 2199">
     <span class='ocr_line' id='line_1_20' title="bbox 767 2065 1306 2118; baseline 0.002 -2"><span class='ocrx_word' id='word_1_168' title='bbox 767 2065 811 2116; x_wconf 84' lang='lat'>33.</span> <span class='ocrx_word' id='word_1_169' title='bbox 822 2065 865 2116; x_wconf 81' lang='lat' dir='ltr'>ou.</span> <span class='ocrx_word' id='word_1_170' title='bbox 880 2067 936 2116; x_wconf 82' lang='lat'>121.</span> <span class='ocrx_word' id='word_1_171' title='bbox 948 2067 996 2118; x_wconf 84' lang='lat' dir='ltr'>Vl.</span> <span class='ocrx_word' id='word_1_172' title='bbox 1009 2067 1056 2117; x_wconf 72' lang='lat'>135</span> <span class='ocrx_word' id='word_1_173' title='bbox 1070 2075 1097 2116; x_wconf 88' lang='lat' dir='ltr'>et</span> <span class='ocrx_word' id='word_1_174' title='bbox 1107 2067 1230 2117; x_wconf 88' lang='lat' dir='ltr'>Duncan.</span> <span class='ocrx_word' id='word_1_175' title='bbox 1240 2069 1306 2118; x_wconf 80' lang='lat' dir='ltr'>Lex.</span> 
     </span>
     <span class='ocr_line' id='line_1_21' title="bbox 769 2135 1217 2199; baseline 0.007 -15"><span class='ocrx_word' id='word_1_176' title='bbox 769 2137 879 2184; x_wconf 82' lang='lat' dir='ltr'><strong>Homer.</strong></span> <span class='ocrx_word' id='word_1_177' title='bbox 894 2135 936 2186; x_wconf 88' lang='lat' dir='ltr'>ed.</span> <span class='ocrx_word' id='word_1_178' title='bbox 951 2135 1028 2184; x_wconf 86' lang='lat' dir='ltr'>Rost.</span> <span class='ocrx_word' id='word_1_179' title='bbox 1042 2135 1064 2183; x_wconf 90' lang='grc' dir='ltr'>Ι.</span> <span class='ocrx_word' id='word_1_180' title='bbox 1080 2151 1140 2199; x_wconf 75' lang='lat' dir='ltr'>pag.</span> <span class='ocrx_word' id='word_1_181' title='bbox 1156 2137 1217 2188; x_wconf 79' lang='lat'>275.</span> 
     </span>
    </p>
   </div>
   <div class='ocr_carea' id='block_1_5' title="bbox 177 2202 724 4000">
    <p class='ocr_par' dir='ltr' id='par_1_5' title="bbox 177 2202 724 4000">
     <span class='ocr_line' id='line_1_22' title="bbox 177 2202 718 2266; baseline -0.013 -9"><span class='ocrx_word' id='word_1_182' title='bbox 177 2207 248 2266; x_wconf 88' lang='lat' dir='ltr'>Vll,</span> <span class='ocrx_word' id='word_1_183' title='bbox 265 2203 308 2254; x_wconf 88' lang='grc'>88.</span> <span class='ocrx_word' id='word_1_184' title='bbox 346 2204 456 2258; x_wconf 83' lang='lat' dir='ltr'>Nescire</span> <span class='ocrx_word' id='word_1_185' title='bbox 477 2202 547 2251; x_wconf 89' lang='lat' dir='ltr'>enim</span> <span class='ocrx_word' id='word_1_186' title='bbox 572 2217 602 2250; x_wconf 90' lang='lat' dir='ltr'>so</span> <span class='ocrx_word' id='word_1_187' title='bbox 618 2202 718 2252; x_wconf 79' lang='lat' dir='ltr'>Noster</span> 
     </span>
     <span class='ocr_line' id='line_1_23' title="bbox 178 2269 719 2338; baseline -0.011 -13"><span class='ocrx_word' id='word_1_188' title='bbox 178 2277 248 2325; x_wconf 91' lang='lat' dir='ltr'>dicit</span> <span class='ocrx_word' id='word_1_189' title='bbox 275 2288 361 2338; x_wconf 91' lang='lat' dir='ltr'>neque</span> <span class='ocrx_word' id='word_1_190' title='bbox 388 2271 450 2321; x_wconf 91' lang='lat' dir='ltr'>inde</span> <span class='ocrx_word' id='word_1_191' title='bbox 481 2269 603 2320; x_wconf 87' lang='lat' dir='ltr'>indicare</span> <span class='ocrx_word' id='word_1_192' title='bbox 628 2285 719 2334; x_wconf 88' lang='lat' dir='ltr'>posse,</span> 
     </span>
     <span class='ocr_line' id='line_1_24' title="bbox 178 2339 720 2408; baseline -0.011 -15"><span class='ocrx_word' id='word_1_193' title='bbox 178 2343 244 2408; x_wconf 91' lang='lat' dir='ltr'>quid</span> <span class='ocrx_word' id='word_1_194' title='bbox 267 2342 331 2392; x_wconf 89' lang='lat' dir='ltr'>mali</span> <span class='ocrx_word' id='word_1_195' title='bbox 355 2340 565 2391; x_wconf 74' lang='lat' dir='ltr'>Atheniensibus</span> <span class='ocrx_word' id='word_1_196' title='bbox 588 2339 720 2390; x_wconf 88' lang='lat' dir='ltr'>acciderit</span> 
     </span>
     <span class='ocr_line' id='line_1_25' title="bbox 180 2409 720 2479; baseline -0.013 -16"><span class='ocrx_word' id='word_1_197' title='bbox 180 2428 295 2479; x_wconf 79' lang='lat' dir='ltr'>quamve</span> <span class='ocrx_word' id='word_1_198' title='bbox 311 2409 492 2460; x_wconf 72' lang='lat' dir='ltr'>calamitatem</span> <span class='ocrx_word' id='word_1_199' title='bbox 505 2410 581 2475; x_wconf 86' lang='lat' dir='ltr'>passi</span> <span class='ocrx_word' id='word_1_200' title='bbox 596 2411 667 2473; x_wconf 88' lang='lat' dir='ltr'>sint,</span> <span class='ocrx_word' id='word_1_201' title='bbox 681 2409 720 2458; x_wconf 91' lang='lat' dir='ltr'>di·</span> 
     </span>
     <span class='ocr_line' id='line_1_26' title="bbox 178 2479 720 2542; baseline -0.013 -8"><span class='ocrx_word' id='word_1_202' title='bbox 178 2485 283 2534; x_wconf 87' lang='lat' dir='ltr'>vinitus</span> <span class='ocrx_word' id='word_1_203' title='bbox 298 2479 403 2532; x_wconf 89' lang='lat' dir='ltr'>scilicet</span> <span class='ocrx_word' id='word_1_204' title='bbox 416 2480 561 2539; x_wconf 84' lang='lat' dir='ltr'>inflictam,</span> <span class='ocrx_word' id='word_1_205' title='bbox 576 2479 646 2542; x_wconf 87' lang='lat' dir='ltr'>qnod</span> <span class='ocrx_word' id='word_1_206' title='bbox 657 2479 720 2528; x_wconf 87' lang='lat' dir='ltr'>Per·</span> 
     </span>
     <span class='ocr_line' id='line_1_27' title="bbox 179 2547 719 2615; baseline -0.011 -13"><span class='ocrx_word' id='word_1_207' title='bbox 179 2568 268 2602; x_wconf 87' lang='lat' dir='ltr'>sarum</span> <span class='ocrx_word' id='word_1_208' title='bbox 282 2564 439 2615; x_wconf 73' lang='lat' dir='ltr'>praecones,</span> <span class='ocrx_word' id='word_1_209' title='bbox 454 2551 539 2614; x_wconf 86' lang='lat' dir='ltr'>utqui</span> <span class='ocrx_word' id='word_1_210' title='bbox 553 2547 719 2597; x_wconf 87' lang='lat' dir='ltr'>Graecorum</span> 
     </span>
     <span class='ocr_line' id='line_1_28' title="bbox 178 2617 719 2672; baseline -0.011 0"><span class='ocrx_word' id='word_1_211' title='bbox 178 2639 212 2672; x_wconf 81' lang='lat' dir='ltr'>ex</span> <span class='ocrx_word' id='word_1_212' title='bbox 222 2623 280 2672; x_wconf 88' lang='lat' dir='ltr'>iure</span> <span class='ocrx_word' id='word_1_213' title='bbox 293 2619 465 2669; x_wconf 87' lang='lat' dir='ltr'>inviolabiles</span> <span class='ocrx_word' id='word_1_214' title='bbox 479 2623 557 2668; x_wconf 85' lang='lat' dir='ltr'>erant</span> <span class='ocrx_word' id='word_1_215' title='bbox 568 2633 599 2666; x_wconf 84' lang='lat' dir='ltr'>uc</span> <span class='ocrx_word' id='word_1_216' title='bbox 611 2617 719 2667; x_wconf 89' lang='lat' dir='ltr'>deorum</span> 
     </span>
     <span class='ocr_line' id='line_1_29' title="bbox 179 2673 718 2762; baseline -0.017 -20"><span class='ocrx_word' id='word_1_217' title='bbox 179 2693 229 2742; x_wconf 85' lang='lat' dir='ltr'>sub</span> <span class='ocrx_word' id='word_1_218' title='bbox 250 2689 337 2741; x_wconf 88' lang='lat' dir='ltr'>tutela</span> <span class='ocrx_word' id='word_1_219' title='bbox 361 2689 442 2754; x_wconf 86' lang='lat' dir='ltr'>positi</span> <span class='ocrx_word' id='word_1_220' title='bbox 465 2679 575 2752; x_wconf 84' lang='grc' dir='ltr'><em>(ἄτυλοι</em></span> <span class='ocrx_word' id='word_1_221' title='bbox 595 2678 624 2734; x_wconf 88' lang='grc' dir='ltr'>δ’</span> <span class='ocrx_word' id='word_1_222' title='bbox 637 2673 718 2762; x_wconf 69' lang='grc' dir='ltr'>ιη’σαν</span> 
     </span>
     <span class='ocr_line' id='line_1_30' title="bbox 180 2749 719 2823; baseline -0.013 -13"><span class='ocrx_word' id='word_1_223' title='bbox 180 2756 226 2810; x_wconf 84' lang='grc' dir='ltr'>καλ</span> <span class='ocrx_word' id='word_1_224' title='bbox 244 2751 310 2823; x_wconf 77' lang='grc' dir='ltr'>ἐξῆν</span> <span class='ocrx_word' id='word_1_225' title='bbox 327 2754 426 2814; x_wconf 78' lang='grc' dir='ltr'><em>αὐτοῖς</em></span> <span class='ocrx_word' id='word_1_226' title='bbox 446 2749 605 2820; x_wconf 68' lang='grc' dir='ltr'><em>πανταχόσε</em></span> <span class='ocrx_word' id='word_1_227' title='bbox 626 2753 719 2811; x_wconf 77' lang='grc' dir='ltr'><em>αδεώς</em></span> 
     </span>
     <span class='ocr_line' id='line_1_31' title="bbox 181 2825 719 2890; baseline -0.013 -10"><span class='ocrx_word' id='word_1_228' title='bbox 181 2826 264 2890; x_wconf 80' lang='grc' dir='ltr'><em>ίέναι,</em></span> <span class='ocrx_word' id='word_1_229' title='bbox 279 2834 350 2878; x_wconf 87' lang='lat' dir='ltr'>teste</span> <span class='ocrx_word' id='word_1_230' title='bbox 361 2827 463 2877; x_wconf 90' lang='lat' dir='ltr'>Polluc.</span> <span class='ocrx_word' id='word_1_231' title='bbox 475 2826 552 2888; x_wconf 93' lang='lat' dir='ltr'>Vlll,</span> <span class='ocrx_word' id='word_1_232' title='bbox 565 2825 626 2884; x_wconf 68' lang='lat'>135),</span> <span class='ocrx_word' id='word_1_233' title='bbox 641 2825 719 2890; x_wconf 86' lang='lat' dir='ltr'>plura</span> 
     </span>
     <span class='ocr_line' id='line_1_32' title="bbox 179 2893 716 2963; baseline 0 -15"><span class='ocrx_word' id='word_1_234' title='bbox 179 2900 235 2948; x_wconf 85' lang='lat' dir='ltr'>vid.</span> <span class='ocrx_word' id='word_1_235' title='bbox 255 2898 328 2963; x_wconf 85' lang='lat' dir='ltr'>apud</span> <span class='ocrx_word' id='word_1_236' title='bbox 348 2896 378 2946; x_wconf 88' lang='lat' dir='ltr'>C.</span> <span class='ocrx_word' id='word_1_237' title='bbox 391 2897 422 2946; x_wconf 82' lang='lat' dir='ltr'>F.</span> <span class='ocrx_word' id='word_1_238' title='bbox 436 2897 586 2946; x_wconf 88' lang='lat' dir='ltr'>Hermann:</span> <span class='ocrx_word' id='word_1_239' title='bbox 607 2893 716 2948; x_wconf 85' lang='lat' dir='ltr'>Griech.</span> 
     </span>
     <span class='ocr_line' id='line_1_33' title="bbox 180 2964 718 3028; baseline -0.011 -9"><span class='ocrx_word' id='word_1_240' title='bbox 180 2965 383 3019; x_wconf 88' lang='lat' dir='ltr'>Stautsalterth.</span> <span class='ocrx_word' id='word_1_241' title='bbox 402 2969 426 3028; x_wconf 69' lang='lat'>§-</span> <span class='ocrx_word' id='word_1_242' title='bbox 447 2965 473 3019; x_wconf 87' lang='grc'>8.</span> <span class='ocrx_word' id='word_1_243' title='bbox 494 2971 549 3016; x_wconf 90' lang='lat' dir='ltr'>not.</span> <span class='ocrx_word' id='word_1_244' title='bbox 571 2964 611 3016; x_wconf 83' lang='lat'>16.</span> <span class='ocrx_word' id='word_1_245' title='bbox 632 2967 655 3026; x_wconf 60' lang='grc' dir='ltr'>ὅ.</span> <span class='ocrx_word' id='word_1_246' title='bbox 678 2965 718 3016; x_wconf 90' lang='grc'>10.</span> 
     </span>
     <span class='ocr_line' id='line_1_34' title="bbox 182 3034 720 3100; baseline -0.004 -14"><span class='ocrx_word' id='word_1_247' title='bbox 182 3043 238 3087; x_wconf 91' lang='lat' dir='ltr'>not.</span> <span class='ocrx_word' id='word_1_248' title='bbox 249 3038 274 3100; x_wconf 84' lang='lat'>3,</span> <span class='ocrx_word' id='word_1_249' title='bbox 290 3035 466 3086; x_wconf 85' lang='lat' dir='ltr'>Ostermann:</span> <span class='ocrx_word' id='word_1_250' title='bbox 487 3035 529 3083; x_wconf 90' lang='lat' dir='ltr'>De</span> <span class='ocrx_word' id='word_1_251' title='bbox 541 3034 720 3098; x_wconf 86' lang='lat' dir='ltr'>praeconibus</span> 
     </span>
     <span class='ocr_line' id='line_1_35' title="bbox 182 3103 718 3168; baseline -0.009 -12"><span class='ocrx_word' id='word_1_252' title='bbox 182 3107 295 3157; x_wconf 84' lang='lat' dir='ltr'>Graece.</span> <span class='ocrx_word' id='word_1_253' title='bbox 322 3103 459 3168; x_wconf 83' lang='lat' dir='ltr'>lilarburg.</span> <span class='ocrx_word' id='word_1_254' title='bbox 490 3103 565 3153; x_wconf 78' lang='lat' dir='ltr'>raso.</span> <span class='ocrx_word' id='word_1_255' title='bbox 593 3119 657 3168; x_wconf 80' lang='lat' dir='ltr'>pag.</span> <span class='ocrx_word' id='word_1_256' title='bbox 688 3103 718 3152; x_wconf 88' lang='grc'>15</span> 
     </span>
     <span class='ocr_line' id='line_1_36' title="bbox 181 3170 719 3241; baseline -0.011 -15"><span class='ocrx_word' id='word_1_257' title='bbox 181 3175 280 3241; x_wconf 75' lang='lat' dir='ltr'>seqq),</span> <span class='ocrx_word' id='word_1_258' title='bbox 297 3180 352 3222; x_wconf 89' lang='lat' dir='ltr'>tam</span> <span class='ocrx_word' id='word_1_259' title='bbox 366 3172 434 3222; x_wconf 87' lang='lat' dir='ltr'>male</span> <span class='ocrx_word' id='word_1_260' title='bbox 445 3173 625 3222; x_wconf 73' lang='lat' dir='ltr'>tractaverint</span> <span class='ocrx_word' id='word_1_261' title='bbox 638 3170 719 3221; x_wconf 91' lang='lat' dir='ltr'>adeo-</span> 
     </span>
     <span class='ocr_line' id='line_1_37' title="bbox 182 3240 719 3310; baseline -0.015 -15"><span class='ocrx_word' id='word_1_262' title='bbox 182 3259 235 3310; x_wconf 85' lang='lat' dir='ltr'>que</span> <span class='ocrx_word' id='word_1_263' title='bbox 260 3242 447 3294; x_wconf 78' lang='lat' dir='ltr'>interfecerint</span> <span class='ocrx_word' id='word_1_264' title='bbox 468 3240 630 3292; x_wconf 87' lang='lat' dir='ltr'>acdeorum</span> <span class='ocrx_word' id='word_1_265' title='bbox 652 3242 719 3288; x_wconf 86' lang='lat' dir='ltr'>iram</span> 
     </span>
     <span class='ocr_line' id='line_1_38' title="bbox 181 3309 720 3370; baseline -0.017 -5"><span class='ocrx_word' id='word_1_266' title='bbox 181 3314 245 3365; x_wconf 86' lang='lat' dir='ltr'>inde</span> <span class='ocrx_word' id='word_1_267' title='bbox 267 3314 295 3362; x_wconf 89' lang='lat' dir='ltr'>in</span> <span class='ocrx_word' id='word_1_268' title='bbox 317 3329 347 3362; x_wconf 89' lang='lat' dir='ltr'>se</span> <span class='ocrx_word' id='word_1_269' title='bbox 369 3311 564 3370; x_wconf 79' lang='lat' dir='ltr'>excitaverint,</span> <span class='ocrx_word' id='word_1_270' title='bbox 590 3309 720 3358; x_wconf 87' lang='lat' dir='ltr'>iniuriam</span> 
     </span>
     <span class='ocr_line' id='line_1_39' title="bbox 182 3378 720 3449; baseline -0.019 -14"><span class='ocrx_word' id='word_1_271' title='bbox 182 3381 362 3449; x_wconf 86' lang='lat' dir='ltr'>praeconibus</span> <span class='ocrx_word' id='word_1_272' title='bbox 388 3381 493 3429; x_wconf 87' lang='lat' dir='ltr'>illatam</span> <span class='ocrx_word' id='word_1_273' title='bbox 518 3378 720 3429; x_wconf 86' lang='lat' dir='ltr'>ulciscentium:</span> 
     </span>
     <span class='ocr_line' id='line_1_40' title="bbox 183 3447 721 3506; baseline -0.019 -2"><span class='ocrx_word' id='word_1_274' title='bbox 183 3454 283 3506; x_wconf 91' lang='lat' dir='ltr'>etenim</span> <span class='ocrx_word' id='word_1_275' title='bbox 296 3449 470 3500; x_wconf 87' lang='lat' dir='ltr'>diiudicanda</span> <span class='ocrx_word' id='word_1_276' title='bbox 482 3447 549 3498; x_wconf 88' lang='lat' dir='ltr'>haec</span> <span class='ocrx_word' id='word_1_277' title='bbox 563 3456 626 3498; x_wconf 86' lang='lat' dir='ltr'>sunt</span> <span class='ocrx_word' id='word_1_278' title='bbox 638 3463 670 3496; x_wconf 77' lang='lat' dir='ltr'>cn</span> <span class='ocrx_word' id='word_1_279' title='bbox 688 3462 721 3494; x_wconf 81' lang='lat' dir='ltr'>ea</span> 
     </span>
     <span class='ocr_line' id='line_1_41' title="bbox 181 3517 722 3583; baseline -0.02 -8"><span class='ocrx_word' id='word_1_280' title='bbox 181 3523 276 3575; x_wconf 88' lang='lat' dir='ltr'>Nostri</span> <span class='ocrx_word' id='word_1_281' title='bbox 285 3520 435 3581; x_wconf 86' lang='lat' dir='ltr'>sententia,</span> <span class='ocrx_word' id='word_1_282' title='bbox 449 3533 501 3583; x_wconf 87' lang='lat' dir='ltr'>qna</span> <span class='ocrx_word' id='word_1_283' title='bbox 514 3517 547 3580; x_wconf 89' lang='lat' dir='ltr'>ii,</span> <span class='ocrx_word' id='word_1_284' title='bbox 560 3517 606 3582; x_wconf 92' lang='lat' dir='ltr'>qui</span> <span class='ocrx_word' id='word_1_285' title='bbox 621 3517 722 3566; x_wconf 86' lang='lat' dir='ltr'>iniuste</span> 
     </span>
     <span class='ocr_line' id='line_1_42' title="bbox 183 3585 722 3658; baseline -0.017 -16"><span class='ocrx_word' id='word_1_286' title='bbox 183 3597 269 3658; x_wconf 80' lang='lat' dir='ltr'>egunt</span> <span class='ocrx_word' id='word_1_287' title='bbox 291 3589 419 3654; x_wconf 82' lang='lat' dir='ltr'>legasque</span> <span class='ocrx_word' id='word_1_288' title='bbox 439 3589 546 3638; x_wconf 84' lang='lat' dir='ltr'>divinas</span> <span class='ocrx_word' id='word_1_289' title='bbox 566 3593 649 3650; x_wconf 86' lang='lat' dir='ltr'>atque</span> <span class='ocrx_word' id='word_1_290' title='bbox 674 3585 722 3634; x_wconf 88' lang='lat' dir='ltr'>hu-</span> 
     </span>
     <span class='ocr_line' id='line_1_43' title="bbox 183 3654 723 3725; baseline -0.019 -12"><span class='ocrx_word' id='word_1_291' title='bbox 183 3677 278 3712; x_wconf 85' lang='lat' dir='ltr'>manas</span> <span class='ocrx_word' id='word_1_292' title='bbox 291 3659 447 3725; x_wconf 79' lang='lat' dir='ltr'>negligunt,</span> <span class='ocrx_word' id='word_1_293' title='bbox 466 3672 568 3721; x_wconf 86' lang='lat' dir='ltr'>poenas</span> <span class='ocrx_word' id='word_1_294' title='bbox 586 3654 664 3705; x_wconf 90' lang='lat' dir='ltr'>luunt</span> <span class='ocrx_word' id='word_1_295' title='bbox 675 3669 723 3705; x_wconf 85' lang='lat' dir='ltr'>ca-</span> 
     </span>
     <span class='ocr_line' id='line_1_44' title="bbox 182 3725 724 3782; baseline -0.02 0"><span class='ocrx_word' id='word_1_296' title='bbox 182 3730 352 3782; x_wconf 87' lang='lat' dir='ltr'>lamitatibus</span> <span class='ocrx_word' id='word_1_297' title='bbox 371 3727 506 3777; x_wconf 84' lang='lat' dir='ltr'>divinitae</span> <span class='ocrx_word' id='word_1_298' title='bbox 529 3725 658 3776; x_wconf 87' lang='lat' dir='ltr'>immissis</span> <span class='ocrx_word' id='word_1_299' title='bbox 682 3729 724 3773; x_wconf 90' lang='lat' dir='ltr'>at·</span> 
     </span>
     <span class='ocr_line' id='line_1_45' title="bbox 185 3795 723 3866; baseline -0.015 -16"><span class='ocrx_word' id='word_1_300' title='bbox 185 3817 238 3866; x_wconf 87' lang='lat' dir='ltr'>qne</span> <span class='ocrx_word' id='word_1_301' title='bbox 251 3801 313 3865; x_wconf 86' lang='lat' dir='ltr'>ipsa</span> <span class='ocrx_word' id='word_1_302' title='bbox 322 3798 408 3847; x_wconf 84' lang='lat' dir='ltr'>divini</span> <span class='ocrx_word' id='word_1_303' title='bbox 417 3796 534 3845; x_wconf 87' lang='lat' dir='ltr'>numinis</span> <span class='ocrx_word' id='word_1_304' title='bbox 545 3795 637 3845; x_wconf 90' lang='lat' dir='ltr'>omnia</span> <span class='ocrx_word' id='word_1_305' title='bbox 647 3800 723 3843; x_wconf 87' lang='lat' dir='ltr'>tuan-</span> 
     </span>
     <span class='ocr_line' id='line_1_46' title="bbox 185 3863 724 3930; baseline -0.011 -12"><span class='ocrx_word' id='word_1_306' title='bbox 185 3871 221 3918; x_wconf 89' lang='lat' dir='ltr'>tis</span> <span class='ocrx_word' id='word_1_307' title='bbox 233 3871 276 3918; x_wconf 84' lang='lat' dir='ltr'>vis</span> <span class='ocrx_word' id='word_1_308' title='bbox 288 3883 320 3918; x_wconf 90' lang='lat' dir='ltr'>eo</span> <span class='ocrx_word' id='word_1_309' title='bbox 331 3867 492 3928; x_wconf 83' lang='lat' dir='ltr'>continetur,</span> <span class='ocrx_word' id='word_1_310' title='bbox 505 3863 576 3930; x_wconf 86' lang='lat' dir='ltr'>quod</span> <span class='ocrx_word' id='word_1_311' title='bbox 589 3879 724 3928; x_wconf 88' lang='lat' dir='ltr'>quamque</span> 
     </span>
     <span class='ocr_line' id='line_1_47' title="bbox 184 3937 724 4000; baseline -0.009 -13"><span class='ocrx_word' id='word_1_312' title='bbox 184 3937 312 3988; x_wconf 88' lang='lat' dir='ltr'>iniuriam</span> <span class='ocrx_word' id='word_1_313' title='bbox 325 3937 401 4000; x_wconf 88' lang='lat' dir='ltr'>punit</span> <span class='ocrx_word' id='word_1_314' title='bbox 412 3949 548 4000; x_wconf 83' lang='lat' dir='ltr'>praveque</span> <span class='ocrx_word' id='word_1_315' title='bbox 556 3940 668 3998; x_wconf 78' lang='lat' dir='ltr'>agentes</span> <span class='ocrx_word' id='word_1_316' title='bbox 679 3948 724 3982; x_wconf 92' lang='lat' dir='ltr'>ca·</span> 
     </span>
    </p>
   </div>
   <div class='ocr_carea' id='block_1_6' title="bbox 768 2195 1313 2962">
    <p class='ocr_par' dir='ltr' id='par_1_6' title="bbox 768 2195 1313 2962">
     <span class='ocr_line' id='line_1_48' title="bbox 802 2195 1308 2269; baseline 0.006 -20"><span class='ocrx_word' id='word_1_317' title='bbox 802 2196 870 2251; x_wconf 81' lang='grc' dir='ltr'><em>ἆλλὰ</em></span> <span class='ocrx_word' id='word_1_318' title='bbox 883 2200 965 2252; x_wconf 73' lang='grc' dir='ltr'><em>τοῦτο</em></span> <span class='ocrx_word' id='word_1_319' title='bbox 975 2195 1010 2251; x_wconf 82' lang='grc' dir='ltr'>ον’</span> <span class='ocrx_word' id='word_1_320' title='bbox 1023 2199 1186 2267; x_wconf 75' lang='grc' dir='ltr'><em>διὰταύτην</em></span> <span class='ocrx_word' id='word_1_321' title='bbox 1198 2197 1250 2269; x_wconf 79' lang='grc' dir='ltr'>τὴν</span> <span class='ocrx_word' id='word_1_322' title='bbox 1264 2197 1308 2252; x_wconf 83' lang='grc' dir='ltr'><em>αι’·</em></span> 
     </span>
     <span class='ocr_line' id='line_1_49' title="bbox 768 2265 1306 2338; baseline 0.002 -18"><span class='ocrx_word' id='word_1_323' title='bbox 768 2270 833 2335; x_wconf 86' lang='grc' dir='ltr'><em>τίην</em></span> <span class='ocrx_word' id='word_1_324' title='bbox 857 2266 946 2320; x_wconf 79' lang='grc' dir='ltr'><em>δοκέοι</em></span> <span class='ocrx_word' id='word_1_325' title='bbox 971 2265 1121 2338; x_wconf 79' lang='grc' dir='ltr'><em>γενέσθαι]</em></span> <span class='ocrx_word' id='word_1_326' title='bbox 1151 2276 1205 2336; x_wconf 81' lang='lat' dir='ltr'>Qui</span> <span class='ocrx_word' id='word_1_327' title='bbox 1230 2273 1306 2324; x_wconf 82' lang='lat' dir='ltr'>locus</span> 
     </span>
     <span class='ocr_line' id='line_1_50' title="bbox 769 2342 1307 2408; baseline 0 -16"><span class='ocrx_word' id='word_1_328' title='bbox 769 2342 843 2392; x_wconf 85' lang='lat' dir='ltr'>clare</span> <span class='ocrx_word' id='word_1_329' title='bbox 860 2349 1070 2402; x_wconf 76' lang='lat' dir='ltr'>commonstrat,</span> <span class='ocrx_word' id='word_1_330' title='bbox 1090 2344 1218 2394; x_wconf 87' lang='lat' dir='ltr'>Nostrum</span> <span class='ocrx_word' id='word_1_331' title='bbox 1232 2344 1307 2408; x_wconf 80' lang='lat' dir='ltr'>vulgi</span> 
     </span>
     <span class='ocr_line' id='line_1_51' title="bbox 769 2412 1306 2478; baseline -0.004 -16"><span class='ocrx_word' id='word_1_332' title='bbox 769 2412 1008 2477; x_wconf 86' lang='lat' dir='ltr'>superstitionibus</span> <span class='ocrx_word' id='word_1_333' title='bbox 1027 2427 1080 2461; x_wconf 90' lang='lat' dir='ltr'>non</span> <span class='ocrx_word' id='word_1_334' title='bbox 1100 2413 1153 2470; x_wconf 86' lang='lat' dir='ltr'>ita,</span> <span class='ocrx_word' id='word_1_335' title='bbox 1175 2419 1205 2462; x_wconf 91' lang='lat' dir='ltr'>nt</span> <span class='ocrx_word' id='word_1_336' title='bbox 1223 2413 1306 2478; x_wconf 78' lang='lat' dir='ltr'>vulgo</span> 
     </span>
     <span class='ocr_line' id='line_1_52' title="bbox 769 2481 1308 2545; baseline 0.004 -15"><span class='ocrx_word' id='word_1_337' title='bbox 769 2481 903 2544; x_wconf 85' lang='lat' dir='ltr'>clamant,</span> <span class='ocrx_word' id='word_1_338' title='bbox 922 2487 1032 2545; x_wconf 84' lang='lat' dir='ltr'>captam</span> <span class='ocrx_word' id='word_1_339' title='bbox 1046 2482 1132 2533; x_wconf 82' lang='lat' dir='ltr'>luisse</span> <span class='ocrx_word' id='word_1_340' title='bbox 1145 2498 1196 2532; x_wconf 90' lang='lat' dir='ltr'>nec</span> <span class='ocrx_word' id='word_1_341' title='bbox 1209 2484 1249 2532; x_wconf 88' lang='lat' dir='ltr'>ita</span> <span class='ocrx_word' id='word_1_342' title='bbox 1262 2484 1308 2534; x_wconf 92' lang='lat' dir='ltr'>ob·</span> 
     </span>
     <span class='ocr_line' id='line_1_53' title="bbox 769 2541 1308 2617; baseline 0 -17"><span class='ocrx_word' id='word_1_343' title='bbox 769 2541 892 2600; x_wconf 82' lang='lat' dir='ltr'>&#39;strictum</span> <span class='ocrx_word' id='word_1_344' title='bbox 905 2551 1043 2614; x_wconf 81' lang='lat' dir='ltr'>religione,</span> <span class='ocrx_word' id='word_1_345' title='bbox 1058 2568 1111 2615; x_wconf 90' lang='lat' dir='ltr'>quo</span> <span class='ocrx_word' id='word_1_346' title='bbox 1123 2555 1220 2614; x_wconf 86' lang='lat' dir='ltr'>urinas,</span> <span class='ocrx_word' id='word_1_347' title='bbox 1231 2553 1308 2617; x_wconf 86' lang='lat' dir='ltr'>qaid-</span> 
     </span>
     <span class='ocr_line' id='line_1_54' title="bbox 769 2620 1308 2686; baseline 0.002 -16"><span class='ocrx_word' id='word_1_348' title='bbox 769 2620 833 2686; x_wconf 89' lang='lat' dir='ltr'>quid</span> <span class='ocrx_word' id='word_1_349' title='bbox 847 2627 943 2684; x_wconf 89' lang='lat' dir='ltr'>sponte</span> <span class='ocrx_word' id='word_1_350' title='bbox 962 2626 1045 2684; x_wconf 85' lang='lat' dir='ltr'>atquc</span> <span class='ocrx_word' id='word_1_351' title='bbox 1065 2637 1080 2670; x_wconf 88' lang='lat' dir='ltr'>e</span> <span class='ocrx_word' id='word_1_352' title='bbox 1094 2622 1184 2671; x_wconf 88' lang='lat' dir='ltr'>causi</span> <span class='ocrx_word' id='word_1_353' title='bbox 1199 2637 1308 2685; x_wconf 84' lang='lat' dir='ltr'>praece-</span> 
     </span>
     <span class='ocr_line' id='line_1_55' title="bbox 769 2691 1307 2757; baseline 0.004 -19"><span class='ocrx_word' id='word_1_354' title='bbox 769 2691 896 2739; x_wconf 87' lang='lat' dir='ltr'>dentibus</span> <span class='ocrx_word' id='word_1_355' title='bbox 909 2691 1062 2740; x_wconf 87' lang='lat' dir='ltr'>necessario</span> <span class='ocrx_word' id='word_1_356' title='bbox 1077 2694 1206 2755; x_wconf 88' lang='lat' dir='ltr'>consequi</span> <span class='ocrx_word' id='word_1_357' title='bbox 1224 2707 1307 2757; x_wconf 89' lang='lat' dir='ltr'>appa·</span> 
     </span>
     <span class='ocr_line' id='line_1_56' title="bbox 769 2759 1307 2824; baseline 0.004 -16"><span class='ocrx_word' id='word_1_358' title='bbox 769 2765 853 2821; x_wconf 84' lang='lat' dir='ltr'>reret,</span> <span class='ocrx_word' id='word_1_359' title='bbox 886 2759 919 2808; x_wconf 88' lang='lat' dir='ltr'>ad</span> <span class='ocrx_word' id='word_1_360' title='bbox 949 2759 1066 2808; x_wconf 87' lang='lat' dir='ltr'>divinam</span> <span class='ocrx_word' id='word_1_361' title='bbox 1091 2760 1228 2824; x_wconf 87' lang='lat' dir='ltr'>quandam</span> <span class='ocrx_word' id='word_1_362' title='bbox 1252 2762 1307 2810; x_wconf 89' lang='lat' dir='ltr'>vim</span> 
     </span>
     <span class='ocr_line' id='line_1_57' title="bbox 769 2829 1308 2891; baseline 0 -13"><span class='ocrx_word' id='word_1_363' title='bbox 769 2831 859 2878; x_wconf 84' lang='lat' dir='ltr'>omnia</span> <span class='ocrx_word' id='word_1_364' title='bbox 880 2829 1062 2878; x_wconf 86' lang='lat' dir='ltr'>moderantem</span> <span class='ocrx_word' id='word_1_365' title='bbox 1085 2829 1186 2878; x_wconf 79' lang='lat' dir='ltr'>reterre</span> <span class='ocrx_word' id='word_1_366' title='bbox 1205 2829 1308 2891; x_wconf 86' lang='lat' dir='ltr'>mallet,</span> 
     </span>
     <span class='ocr_line' id='line_1_58' title="bbox 769 2899 1313 2962; baseline 0.002 -15"><span class='ocrx_word' id='word_1_367' title='bbox 769 2901 798 2948; x_wconf 92' lang='lat' dir='ltr'>in</span> <span class='ocrx_word' id='word_1_368' title='bbox 812 2899 883 2948; x_wconf 86' lang='lat' dir='ltr'>veris</span> <span class='ocrx_word' id='word_1_369' title='bbox 898 2913 985 2948; x_wconf 86' lang='lat' dir='ltr'>rerum</span> <span class='ocrx_word' id='word_1_370' title='bbox 998 2901 1090 2949; x_wconf 89' lang='lat' dir='ltr'>causis</span> <span class='ocrx_word' id='word_1_371' title='bbox 1105 2899 1269 2962; x_wconf 82' lang='lat' dir='ltr'>indagandis</span> <span class='ocrx_word' id='word_1_372' title='bbox 1281 2908 1313 2961; x_wconf 73' lang='lat' dir='ltr'>et¹</span> 
     </span>
    </p>
   </div>
   <div class='ocr_carea' id='block_1_7' title="bbox 768 2966 1314 3100">
    <p class='ocr_par' dir='ltr' id='par_1_7' title="bbox 768 2966 1314 3100">
     <span class='ocr_line' id='line_1_59' title="bbox 768 2966 1314 3033; baseline 0.004 -15"><span class='ocrx_word' id='word_1_373' title='bbox 768 2969 972 3033; x_wconf 85' lang='lat' dir='ltr'>perscrutandis</span> <span class='ocrx_word' id='word_1_374' title='bbox 988 2983 1065 3018; x_wconf 82' lang='lat' dir='ltr'>unice</span> <span class='ocrx_word' id='word_1_375' title='bbox 1079 2978 1238 3033; x_wconf 79' lang='lat' dir='ltr'>occupatus.</span> <span class='ocrx_word' id='word_1_376' title='bbox 1266 2966 1314 3020; x_wconf 85' lang='lat' dir='ltr'>&#39;l&#39;u&#39;</span> 
     </span>
     <span class='ocr_line' id='line_1_60' title="bbox 768 3037 1054 3100; baseline -0.007 -11"><span class='ocrx_word' id='word_1_377' title='bbox 768 3039 805 3089; x_wconf 79' lang='lat' dir='ltr'>er.</span> <span class='ocrx_word' id='word_1_378' title='bbox 821 3039 903 3089; x_wconf 72' lang='lat' dir='ltr'>eum</span> <span class='ocrx_word' id='word_1_379' title='bbox 920 3037 981 3100; x_wconf 85' lang='lat' dir='ltr'>vn,</span> <span class='ocrx_word' id='word_1_380' title='bbox 998 3038 1054 3089; x_wconf 77' lang='grc' dir='ltr'>ιιι.</span> 
     </span>
    </p>
   </div>
   <div class='ocr_carea' id='block_1_8' title="bbox 804 3207 1310 3375">
    <p class='ocr_par' dir='ltr' id='par_1_8' title="bbox 804 3207 1310 3375">
     <span class='ocr_line' id='line_1_61' title="bbox 924 3207 1154 3259; baseline 0.004 -1"><span class='ocrx_word' id='word_1_381' title='bbox 924 3207 989 3259; x_wconf 74' lang='lat' dir='ltr'>Car.</span> <span class='ocrx_word' id='word_1_382' title='bbox 1007 3207 1154 3259; x_wconf 78' lang='lat' dir='ltr'>CXXXIV.</span> 
     </span>
     <span class='ocr_line' id='line_1_62' title="bbox 804 3298 1310 3375; baseline -0.008 -17"><span class='ocrx_word' id='word_1_383' title='bbox 804 3298 889 3371; x_wconf 57' lang='grc' dir='ltr'><em>μῆνις</em></span> <span class='ocrx_word' id='word_1_384' title='bbox 902 3305 1061 3372; x_wconf 78' lang='grc' dir='ltr'>κατέσκηψε</span> <span class='ocrx_word' id='word_1_385' title='bbox 1079 3308 1244 3375; x_wconf 82' lang='grc' dir='ltr'><em>Ταλθυβίου</em></span> <span class='ocrx_word' id='word_1_386' title='bbox 1258 3309 1310 3362; x_wconf 73' lang='lat' dir='ltr'>tos·</span> 
     </span>
    </p>
   </div>
   <div class='ocr_carea' id='block_1_9' title="bbox 767 3371 1309 3446">
    <p class='ocr_par' dir='ltr' id='par_1_9' title="bbox 767 3371 1309 3446">
     <span class='ocr_line' id='line_1_63' title="bbox 767 3371 1309 3446; baseline 0.015 -20"><span class='ocrx_word' id='word_1_387' title='bbox 767 3371 969 3442; x_wconf 76' lang='grc' dir='ltr'><em>Ἀγαμέμνονος</em></span> <span class='ocrx_word' id='word_1_388' title='bbox 979 3377 1114 3444; x_wconf 76' lang='grc' dir='ltr'>κήρυκος]</span> <span class='ocrx_word' id='word_1_389' title='bbox 1130 3382 1231 3446; x_wconf 71' lang='lat' dir='ltr'>attigit</span> <span class='ocrx_word' id='word_1_390' title='bbox 1242 3381 1309 3434; x_wconf 87' lang='lat' dir='ltr'>haec</span> 
     </span>
    </p>
   </div>
   <div class='ocr_carea' id='block_1_10' title="bbox 771 3445 1312 3999">
    <p class='ocr_par' dir='ltr' id='par_1_10' title="bbox 771 3445 1312 3999">
     <span class='ocr_line' id='line_1_64' title="bbox 772 3445 1309 3512; baseline 0.007 -16"><span class='ocrx_word' id='word_1_391' title='bbox 772 3447 898 3497; x_wconf 78' lang='lat' dir='ltr'>Eustath.</span> <span class='ocrx_word' id='word_1_392' title='bbox 912 3445 947 3497; x_wconf 75' lang='lat' dir='ltr'>ad</span> <span class='ocrx_word' id='word_1_393' title='bbox 960 3448 1003 3502; x_wconf 86' lang='lat' dir='ltr'>lli.</span> <span class='ocrx_word' id='word_1_394' title='bbox 1020 3449 1043 3498; x_wconf 83' lang='lat'>1.</span> <span class='ocrx_word' id='word_1_395' title='bbox 1060 3465 1087 3512; x_wconf 92' lang='lat' dir='ltr'>p.</span> <span class='ocrx_word' id='word_1_396' title='bbox 1105 3451 1165 3512; x_wconf 90' lang='grc'>110,</span> <span class='ocrx_word' id='word_1_397' title='bbox 1181 3453 1214 3500; x_wconf 76' lang='lat' dir='ltr'>ab</span> <span class='ocrx_word' id='word_1_398' title='bbox 1228 3468 1249 3502; x_wconf 92' lang='lat' dir='ltr'>s.</span> <span class='ocrx_word' id='word_1_399' title='bbox 1265 3453 1309 3510; x_wconf 72' lang='lat'>83,</span> 
     </span>
     <span class='ocr_line' id='line_1_65' title="bbox 771 3515 1311 3584; baseline 0.007 -18"><span class='ocrx_word' id='word_1_400' title='bbox 771 3518 814 3566; x_wconf 81' lang='lat'>20.</span> <span class='ocrx_word' id='word_1_401' title='bbox 839 3515 924 3579; x_wconf 79' lang='grc' dir='ltr'><em>μηνις</em></span> <span class='ocrx_word' id='word_1_402' title='bbox 937 3523 978 3566; x_wconf 90' lang='lat' dir='ltr'>est</span> <span class='ocrx_word' id='word_1_403' title='bbox 990 3521 1030 3568; x_wconf 83' lang='lat' dir='ltr'>ira</span> <span class='ocrx_word' id='word_1_404' title='bbox 1041 3517 1180 3584; x_wconf 80' lang='lat' dir='ltr'>Taltlrybii</span> <span class='ocrx_word' id='word_1_405' title='bbox 1193 3537 1215 3570; x_wconf 92' lang='lat' dir='ltr'>s.</span> <span class='ocrx_word' id='word_1_406' title='bbox 1224 3523 1311 3583; x_wconf 79' lang='lat' dir='ltr'>piceu-</span> 
     </span>
     <span class='ocr_line' id='line_1_66' title="bbox 771 3585 1311 3654; baseline 0.009 -19"><span class='ocrx_word' id='word_1_407' title='bbox 771 3589 827 3644; x_wconf 85' lang='lat' dir='ltr'>luru,</span> <span class='ocrx_word' id='word_1_408' title='bbox 840 3585 913 3650; x_wconf 89' lang='lat' dir='ltr'>quod</span> <span class='ocrx_word' id='word_1_409' title='bbox 923 3602 940 3635; x_wconf 89' lang='lat' dir='ltr'>a</span> <span class='ocrx_word' id='word_1_410' title='bbox 953 3587 1100 3652; x_wconf 83' lang='lat' dir='ltr'>Talthybio</span> <span class='ocrx_word' id='word_1_411' title='bbox 1111 3591 1138 3638; x_wconf 94' lang='lat' dir='ltr'>in</span> <span class='ocrx_word' id='word_1_412' title='bbox 1151 3593 1209 3640; x_wconf 83' lang='lat' dir='ltr'>eiua</span> <span class='ocrx_word' id='word_1_413' title='bbox 1221 3597 1311 3654; x_wconf 90' lang='lat' dir='ltr'>poste-</span> 
     </span>
     <span class='ocr_line' id='line_1_67' title="bbox 771 3656 1311 3724; baseline 0.009 -19"><span class='ocrx_word' id='word_1_414' title='bbox 771 3670 816 3705; x_wconf 86' lang='lat' dir='ltr'>ros</span> <span class='ocrx_word' id='word_1_415' title='bbox 832 3656 956 3719; x_wconf 90' lang='lat' dir='ltr'>transiit,</span> <span class='ocrx_word' id='word_1_416' title='bbox 982 3659 1029 3722; x_wconf 90' lang='lat' dir='ltr'>qui</span> <span class='ocrx_word' id='word_1_417' title='bbox 1048 3659 1141 3724; x_wconf 81' lang='lat' dir='ltr'>stipsi</span> <span class='ocrx_word' id='word_1_418' title='bbox 1162 3675 1311 3724; x_wconf 84' lang='lat' dir='ltr'>praecones</span> 
     </span>
     <span class='ocr_line' id='line_1_68' title="bbox 773 3725 1312 3792; baseline 0.006 -17"><span class='ocrx_word' id='word_1_419' title='bbox 773 3725 848 3775; x_wconf 84' lang='lat' dir='ltr'>inere</span> <span class='ocrx_word' id='word_1_420' title='bbox 858 3739 907 3788; x_wconf 92' lang='lat' dir='ltr'>pro</span> <span class='ocrx_word' id='word_1_421' title='bbox 918 3741 950 3776; x_wconf 88' lang='lat' dir='ltr'>eo</span> <span class='ocrx_word' id='word_1_422' title='bbox 961 3741 1043 3786; x_wconf 89' lang='lat' dir='ltr'>more,</span> <span class='ocrx_word' id='word_1_423' title='bbox 1052 3743 1085 3776; x_wconf 84' lang='lat' dir='ltr'>ex</span> <span class='ocrx_word' id='word_1_424' title='bbox 1098 3743 1151 3792; x_wconf 87' lang='lat' dir='ltr'>quo</span> <span class='ocrx_word' id='word_1_425' title='bbox 1160 3730 1222 3778; x_wconf 88' lang='lat' dir='ltr'>hnic</span> <span class='ocrx_word' id='word_1_426' title='bbox 1235 3729 1312 3792; x_wconf 83' lang='lat' dir='ltr'>genti</span> 
     </span>
     <span class='ocr_line' id='line_1_69' title="bbox 772 3795 1311 3862; baseline 0.006 -19"><span class='ocrx_word' id='word_1_427' title='bbox 772 3795 823 3844; x_wconf 92' lang='lat' dir='ltr'>boc</span> <span class='ocrx_word' id='word_1_428' title='bbox 838 3810 933 3845; x_wconf 88' lang='lat' dir='ltr'>manus</span> <span class='ocrx_word' id='word_1_429' title='bbox 946 3797 998 3846; x_wconf 79' lang='lat' dir='ltr'>suit</span> <span class='ocrx_word' id='word_1_430' title='bbox 1013 3799 1158 3862; x_wconf 86' lang='lat' dir='ltr'>proprium.</span> <span class='ocrx_word' id='word_1_431' title='bbox 1187 3798 1248 3847; x_wconf 87' lang='lat' dir='ltr'>vid.</span> <span class='ocrx_word' id='word_1_432' title='bbox 1263 3799 1311 3857; x_wconf 88' lang='lat' dir='ltr'>Vl,</span> 
     </span>
     <span class='ocr_line' id='line_1_70' title="bbox 772 3864 1312 3929; baseline -0.004 -13"><span class='ocrx_word' id='word_1_433' title='bbox 772 3866 807 3916; x_wconf 82' lang='lat' dir='ltr'>oo</span> <span class='ocrx_word' id='word_1_434' title='bbox 817 3864 908 3929; x_wconf 86' lang='lat' dir='ltr'>ibique</span> <span class='ocrx_word' id='word_1_435' title='bbox 918 3865 1004 3926; x_wconf 83' lang='lat' dir='ltr'>allata</span> <span class='ocrx_word' id='word_1_436' title='bbox 1013 3873 1041 3917; x_wconf 93' lang='lat' dir='ltr'>et</span> <span class='ocrx_word' id='word_1_437' title='bbox 1051 3867 1123 3917; x_wconf 87' lang='lat' dir='ltr'>coni.</span> <span class='ocrx_word' id='word_1_438' title='bbox 1134 3866 1257 3917; x_wconf 81' lang='lat' dir='ltr'>Gabriel:</span> <span class='ocrx_word' id='word_1_439' title='bbox 1270 3867 1312 3914; x_wconf 93' lang='lat' dir='ltr'>De</span> 
     </span>
     <span class='ocr_line' id='line_1_71' title="bbox 774 3935 1311 3999; baseline 0.002 -15"><span class='ocrx_word' id='word_1_440' title='bbox 774 3935 940 3999; x_wconf 79' lang='lat' dir='ltr'>magistratt.</span> <span class='ocrx_word' id='word_1_441' title='bbox 956 3937 1174 3986; x_wconf 82' lang='lat' dir='ltr'>Lacedaemona.</span> <span class='ocrx_word' id='word_1_442' title='bbox 1191 3949 1251 3998; x_wconf 75' lang='lat' dir='ltr'>pag-</span> <span class='ocrx_word' id='word_1_443' title='bbox 1267 3935 1311 3980; x_wconf 79' lang='lat'>‘21-</span> 
     </span>
    </p>
   </div>
   <div class='ocr_carea' id='block_1_11' title="bbox 106 4000 1312 4068">
    <p class='ocr_par' dir='ltr' id='par_1_11' title="bbox 106 4000 1312 4068">
     <span class='ocr_line' id='line_1_72' title="bbox 106 4000 1312 4068; baseline -0.008 -12"><span class='ocrx_word' id='word_1_444' title='bbox 106 4005 110 4014; x_wconf 88' lang='lat'>&#39;</span> <span class='ocrx_word' id='word_1_445' title='bbox 186 4006 355 4056; x_wconf 78' lang='lat' dir='ltr'>lumitatibus</span> <span class='ocrx_word' id='word_1_446' title='bbox 366 4003 453 4054; x_wconf 85' lang='lat' dir='ltr'>allicit</span> <span class='ocrx_word' id='word_1_447' title='bbox 461 4003 671 4068; x_wconf 88' lang='lat' dir='ltr'>prosternitque.</span> <span class='ocrx_word' id='word_1_448' title='bbox 683 4000 724 4052; x_wconf 81' lang='lat' dir='ltr'>sd</span> <span class='ocrx_word' id='word_1_449' title='bbox 774 4005 844 4054; x_wconf 85' lang='lat' dir='ltr'>Sunt</span> <span class='ocrx_word' id='word_1_450' title='bbox 856 4019 920 4054; x_wconf 90' lang='lat' dir='ltr'>vero</span> <span class='ocrx_word' id='word_1_451' title='bbox 939 4004 1007 4054; x_wconf 86' lang='lat' dir='ltr'>talia</span> <span class='ocrx_word' id='word_1_452' title='bbox 1021 4022 1054 4056; x_wconf 84' lang='lat' dir='ltr'>ex</span> <span class='ocrx_word' id='word_1_453' title='bbox 1073 4021 1106 4055; x_wconf 87' lang='lat' dir='ltr'>ea</span> <span class='ocrx_word' id='word_1_454' title='bbox 1118 4013 1240 4055; x_wconf 78' lang='lat' dir='ltr'>aeterum</span> <span class='ocrx_word' id='word_1_455' title='bbox 1253 4000 1312 4062; x_wconf 90' lang='lat' dir='ltr'>opi-</span> 
     </span>
    </p>
   </div>
   <div class='ocr_carea' id='block_1_12' title="bbox 185 4072 1316 4487">
    <p class='ocr_par' dir='ltr' id='par_1_12' title="bbox 185 4072 1316 4487">
     <span class='ocr_line' id='line_1_73' title="bbox 185 4072 1312 4139; baseline -0.009 -16"><span class='ocrx_word' id='word_1_456' title='bbox 185 4075 256 4124; x_wconf 88' lang='lat' dir='ltr'>hanc</span> <span class='ocrx_word' id='word_1_457' title='bbox 279 4075 362 4139; x_wconf 71' lang='lat' dir='ltr'>igitar</span> <span class='ocrx_word' id='word_1_458' title='bbox 386 4087 497 4123; x_wconf 85' lang='lat' dir='ltr'>causam</span> <span class='ocrx_word' id='word_1_459' title='bbox 522 4073 641 4123; x_wconf 85' lang='lat' dir='ltr'>divinam</span> <span class='ocrx_word' id='word_1_460' title='bbox 665 4087 725 4121; x_wconf 89' lang='lat' dir='ltr'>cum</span> <span class='ocrx_word' id='word_1_461' title='bbox 774 4075 855 4124; x_wconf 86' lang='lat' dir='ltr'>aione</span> <span class='ocrx_word' id='word_1_462' title='bbox 877 4073 1068 4136; x_wconf 86' lang='lat' dir='ltr'>diiudicanda,</span> <span class='ocrx_word' id='word_1_463' title='bbox 1092 4088 1146 4138; x_wconf 88' lang='lat' dir='ltr'>qua</span> <span class='ocrx_word' id='word_1_464' title='bbox 1171 4072 1312 4135; x_wconf 86' lang='lat' dir='ltr'>parentum</span> 
     </span>
     <span class='ocr_line' id='line_1_74' title="bbox 186 4139 1313 4208; baseline -0.011 -15"><span class='ocrx_word' id='word_1_465' title='bbox 186 4144 283 4194; x_wconf 82' lang='lat' dir='ltr'>reterri</span> <span class='ocrx_word' id='word_1_466' title='bbox 302 4142 439 4192; x_wconf 82' lang='lat' dir='ltr'>Herodoto</span> <span class='ocrx_word' id='word_1_467' title='bbox 458 4141 530 4191; x_wconf 86' lang='lat' dir='ltr'>hand</span> <span class='ocrx_word' id='word_1_468' title='bbox 554 4149 634 4205; x_wconf 81' lang='lat' dir='ltr'>posse</span> <span class='ocrx_word' id='word_1_469' title='bbox 652 4141 727 4190; x_wconf 87' lang='lat' dir='ltr'>vide·</span> <span class='ocrx_word' id='word_1_470' title='bbox 774 4143 881 4207; x_wconf 88' lang='lat' dir='ltr'>culpam</span> <span class='ocrx_word' id='word_1_471' title='bbox 901 4146 1017 4208; x_wconf 86' lang='lat' dir='ltr'>posteris</span> <span class='ocrx_word' id='word_1_472' title='bbox 1038 4139 1168 4193; x_wconf 83' lang='lat' dir='ltr'>luendam</span> <span class='ocrx_word' id='word_1_473' title='bbox 1184 4152 1244 4188; x_wconf 87' lang='lat' dir='ltr'>esse</span> <span class='ocrx_word' id='word_1_474' title='bbox 1264 4150 1313 4198; x_wconf 91' lang='lat' dir='ltr'>pu-</span> 
     </span>
     <span class='ocr_line' id='line_1_75' title="bbox 187 4205 1313 4278; baseline -0.012 -16"><span class='ocrx_word' id='word_1_475' title='bbox 187 4217 261 4262; x_wconf 86' lang='lat' dir='ltr'>retur·</span> <span class='ocrx_word' id='word_1_476' title='bbox 287 4213 347 4276; x_wconf 92' lang='lat' dir='ltr'>ipsa</span> <span class='ocrx_word' id='word_1_477' title='bbox 365 4210 530 4260; x_wconf 83' lang='lat' dir='ltr'>Athenarum</span> <span class='ocrx_word' id='word_1_478' title='bbox 555 4209 672 4274; x_wconf 86' lang='lat' dir='ltr'>direptio</span> <span class='ocrx_word' id='word_1_479' title='bbox 692 4225 734 4268; x_wconf 68' lang='lat' dir='ltr'>ao,</span> <span class='ocrx_word' id='word_1_480' title='bbox 776 4213 882 4264; x_wconf 88' lang='lat' dir='ltr'>tabunt.</span> <span class='ocrx_word' id='word_1_481' title='bbox 915 4215 956 4264; x_wconf 87' lang='lat' dir='ltr'>De</span> <span class='ocrx_word' id='word_1_482' title='bbox 975 4229 1028 4278; x_wconf 85' lang='lat' dir='ltr'>qua</span> <span class='ocrx_word' id='word_1_483' title='bbox 1046 4205 1313 4272; x_wconf 66' lang='lat' dir='ltr'>vimquaedtxtmus</span> 
     </span>
     <span class='ocr_line' id='line_1_76' title="bbox 188 4271 1314 4350; baseline -0.01 -20"><span class='ocrx_word' id='word_1_484' title='bbox 188 4282 324 4342; x_wconf 81' lang='lat' dir='ltr'>vastatio,</span> <span class='ocrx_word' id='word_1_485' title='bbox 346 4285 442 4344; x_wconf 84' lang='lat' dir='ltr'>postes</span> <span class='ocrx_word' id='word_1_486' title='bbox 457 4283 553 4330; x_wconf 87' lang='lat' dir='ltr'>secuta</span> <span class='ocrx_word' id='word_1_487' title='bbox 569 4283 598 4328; x_wconf 89' lang='lat' dir='ltr'>ot</span> <span class='ocrx_word' id='word_1_488' title='bbox 613 4279 674 4329; x_wconf 85' lang='lat' dir='ltr'>aliia</span> <span class='ocrx_word' id='word_1_489' title='bbox 693 4294 725 4328; x_wconf 84' lang='lat' dir='ltr'>ex</span> <span class='ocrx_word' id='word_1_490' title='bbox 776 4297 858 4346; x_wconf 82' lang='lat' dir='ltr'>snpra</span> <span class='ocrx_word' id='word_1_491' title='bbox 870 4283 906 4350; x_wconf 78' lang='lat' dir='ltr'>ad</span> <span class='ocrx_word' id='word_1_492' title='bbox 918 4284 929 4332; x_wconf 94' lang='grc'><strong>1</strong></span> <span class='ocrx_word' id='word_1_493' title='bbox 935 4321 941 4338; x_wconf 89' lang='grc'><em>,</em></span> <span class='ocrx_word' id='word_1_494' title='bbox 952 4283 994 4331; x_wconf 87' lang='grc'><strong>111.</strong></span> <span class='ocrx_word' id='word_1_495' title='bbox 1005 4283 1053 4342; x_wconf 91' lang='lat' dir='ltr'>Vl,</span> <span class='ocrx_word' id='word_1_496' title='bbox 1063 4279 1107 4338; x_wconf 82' lang='lat' dir='ltr'>su,</span> <span class='ocrx_word' id='word_1_497' title='bbox 1119 4277 1148 4327; x_wconf 82' lang='lat'>3:</span> <span class='ocrx_word' id='word_1_498' title='bbox 1170 4271 1231 4324; x_wconf 91' lang='lat' dir='ltr'>add.</span> <span class='ocrx_word' id='word_1_499' title='bbox 1245 4274 1314 4321; x_wconf 70' lang='grc' dir='ltr'>Νοε-</span> 
     </span>
     <span class='ocr_line' id='line_1_77' title="bbox 187 4339 1315 4416; baseline -0.012 -15"><span class='ocrx_word' id='word_1_500' title='bbox 187 4351 279 4402; x_wconf 88' lang='lat' dir='ltr'>causis</span> <span class='ocrx_word' id='word_1_501' title='bbox 307 4349 416 4400; x_wconf 79' lang='lat' dir='ltr'>facilius</span> <span class='ocrx_word' id='word_1_502' title='bbox 441 4347 616 4412; x_wconf 86' lang='lat' dir='ltr'>explicanda,</span> <span class='ocrx_word' id='word_1_503' title='bbox 645 4347 726 4398; x_wconf 84' lang='lat' dir='ltr'>aliam</span> <span class='ocrx_word' id='word_1_504' title='bbox 776 4339 1315 4416; x_wconf 78' lang='lat' dir='ltr'>gelsbach:NschhomerisclreTlreolog.</span> 
     </span>
     <span class='ocr_line' id='line_1_78' title="bbox 188 4417 1316 4487; baseline -0.012 -15"><span class='ocrx_word' id='word_1_505' title='bbox 188 4420 375 4472; x_wconf 82' lang='lat' dir='ltr'>calamitatem</span> <span class='ocrx_word' id='word_1_506' title='bbox 397 4417 607 4468; x_wconf 80' lang='lat' dir='ltr'>Atheniensibus</span> <span class='ocrx_word' id='word_1_507' title='bbox 630 4417 727 4470; x_wconf 84' lang='lat' dir='ltr'>divini·</span> <span class='ocrx_word' id='word_1_508' title='bbox 778 4436 838 4487; x_wconf 82' lang='lat' dir='ltr'>pag.</span> <span class='ocrx_word' id='word_1_509' title='bbox 851 4423 892 4472; x_wconf 76' lang='grc'>35.</span> <span class='ocrx_word' id='word_1_510' title='bbox 914 4417 1316 4487; x_wconf 80' lang='lat' dir='ltr'>Spectantlrncquoque,quae</span> 
     </span>
    </p>
   </div>
   <div class='ocr_carea' id='block_1_13' title="bbox 0 0 1520 4980">
    <p class='ocr_par' dir='ltr' id='par_1_13' title="bbox 0 0 1520 4980">
     <span class='ocr_line' id='line_1_79' title="bbox 0 0 1520 4980; baseline 0 0"><span class='ocrx_word' id='word_1_511' title='bbox 0 0 1520 4980; x_wconf 95' lang='lat' dir='ltr'> </span> 
     </span>
    </p>
   </div>
  </div>
 </body>
</html>
