2986 5014
440 373 506 432 ao
529 367 786 434 aaaono'r.
810 371 853 448 v,
876 381 919 438 aa.
1185 365 1243 434 801

115 545 288 598 aClistlrene
304 545 331 598 in
343 546 435 598 decem
450 545 541 597 tribus
559 553 686 613 mutatae,
706 555 734 598 et
749 545 838 615 qualis
857 545 965 597 omnino
982 545 1051 597 ratio
1063 546 1147 598 luerit
1163 547 1246 598 huius

115 631 328 702 quadripartitae
345 631 507 698 divisionis,
526 647 605 700 qnam
624 631 656 682 ad
672 631 783 683 diversa
800 632 871 682 vitae
885 631 995 696 negotia
1017 637 1159 700 spectasse
1176 631 1244 683 dixi-

115 733 184 782 mus,
200 716 267 786 ipsis
282 718 399 769 tribuum
415 715 570 768 nominibus
584 717 633 768 boc
648 716 862 768 declarantibus.
879 716 917 768 Ac
928 717 1050 786 primitus
1064 716 1173 785 quidem
1188 733 1245 768 eam

116 799 194 853 talem
209 804 266 854 lere
280 803 376 868 luisse,
395 801 502 870 qualern
517 801 590 868 apud
606 803 763 870 Aegyptos,
779 801 879 867 ludos,
896 801 964 854 alios
986 801 1101 853 orientis
1117 801 1244 871 populos,
1338 861 1344 872 ι

116 885 163 954 qui
174 903 223 954 per
236 897 329 956 custus,
345 885 386 939 uti
401 885 505 951 dicunt,
521 886 653 954 descripti
683 885 770 937 luisse
791 883 991 953 traduntur*)‚
1020 885 1176 938 obtinuisse
1199 905 1243 938 ac-

115 970 242 1039 cepimus,
259 973 299 1024 uti
313 971 445 1024 credibile
462 971 509 1044 lit,
531 969 570 1022 ita
584 978 735 1040 temporum
749 968 868 1023 decursa
887 971 1024 1024 buiumodi
1040 971 1201 1023 divisionem
1217 971 1244 1022 in

114 1055 203 1106 Attica
231 1056 341 1109 civitate
372 1055 562 1110 immutabilem
594 1057 745 1124 perdurare
768 1055 895 1123 potuisse
921 1055 968 1108 vix
993 1056 1055 1108 mibi
1082 1057 1244 1124 persuaderi

112 1139 217 1207 patiar,
234 1159 324 1213 neque
343 1157 460 1210 unquam
484 1149 536 1192 tam
558 1141 626 1193 artis
642 1141 745 1193 finibus
759 1140 884 1209 singulas
896 1140 986 1193 tribus
1001 1147 1142 1210 separatas
1156 1141 1245 1193 luisse
1314 1145 1316 1150 ’

112 1223 232 1290 credam,
250 1233 295 1292 ut,
312 1226 534 1296 quemadmodum
550 1225 584 1277 de
599 1225 744 1296 Aegyptiis
767 1233 850 1294 atque
867 1225 942 1278 ludis
964 1225 1048 1293 vulgo
1064 1225 1186 1294 tradunt,
1202 1227 1243 1277 in·

111 1309 254 1362 terdictum
270 1311 356 1363 l'nerit
371 1310 426 1362 lilio
443 1311 584 1362 discedere
597 1311 710 1378 epatris
727 1311 837 1378 negotio
854 1329 877 1362 s.
900 1311 1007 1380 opificio
1032 1318 1080 1361 aut
1101 1319 1244 1379 paternum

111 1393 223 1447 fundum
248 1403 410 1448 commutare
433 1395 579 1460 eumalio,
602 1412 691 1464 neque
714 1396 822 1447 omnino
846 1396 971 1464 cuiqnam
993 1395 1115 1460 licuerit,
1139 1413 1171 1446 ex
1190 1411 1244 1446 una

111 1477 184 1530 tribu
207 1479 235 1531 in
260 1481 371 1532 alteram
397 1481 516 1532 transire
545 1479 676 1549 aliudque
697 1481 770 1532 vitae
794 1497 884 1547 genus
916 1481 968 1532 sibi
996 1479 1098 1547 eligere
1123 1478 1243 1548 indeque

111 1563 191 1615 etiarn
214 1565 297 1616 huius
317 1563 431 1617 alterius
448 1565 536 1616 tribus
557 1564 619 1616 iura
634 1573 662 1616 et
681 1565 827 1634 privilegia
848 1566 958 1634 siquae
980 1565 1098 1629 luerint,
1121 1565 1174 1615 sibi
1196 1565 1242 1616 ad-

110 1646 282 1718 sumere**).
326 1649 367 1702 Ab
384 1649 433 1700 hac
455 1649 624 1702 orientalium
650 1649 772 1717 gentium
797 1651 946 1702 severitate
961 1651 1066 1701 Atticas
1082 1649 1189 1716 tribus,
1212 1667 1243 1702 ea

110 1739 186 1784 certe
201 1741 299 1800 aetate,
316 1751 386 1804 quae
401 1733 552 1786 Clisthenis
568 1735 741 1788 mutationem
756 1735 902 1800 antecedit,
921 1733 1002 1800 longe
1017 1734 1141 1788 abfuisse
1154 1751 1244 1804 neque

112 1825 165 1868 tarn
183 1818 310 1884 angustis
325 1819 383 1872 sive
399 1817 451 1871 loci
466 1819 526 1871 sive
543 1819 648 1870 ordinis
668 1819 796 1872 cancellis
818 1820 1040 1888 circumscriptas
1059 1819 1163 1884 luisse,
1182 1819 1243 1872 iure

111 1902 278 1956 contendere
293 1921 376 1972 posse
390 1903 453 1956 mibi
468 1904 580 1955 videor:
603 1903 685 1954 latius
701 1903 761 1955 illas
777 1905 827 1955 iam
844 1904 969 1972 patuisse
985 1903 1124 1967 existimo,
1140 1903 1243 1972 quippe

111 1988 267 2041 commercio
284 1989 368 2057 magis
385 1989 471 2041 libero
484 1989 556 2040 iuter
571 1989 648 2057 ipsos
664 1987 739 2040 cives
756 1996 853 2040 exorto
866 1987 1047 2056 omnibusque
1071 1987 1143 2038 vitae
1159 1987 1242 2038 ratio-

112 2071 194 2124 nibus
208 2074 294 2142 magis
310 2073 426 2126 excultis
442 2073 561 2142 indeque
576 2073 656 2124 etiam
671 2073 797 2124 mutatis:
813 2089 903 2142 neque
923 2089 989 2124 vero
1007 2079 1153 2140 propterea
1171 2071 1242 2122 anti-

109 2173 164 2225 qua
181 2158 300 2212 tribuum
317 2159 439 2223 nomina,
461 2158 570 2210 ecertis
586 2157 659 2208 vitae
677 2157 797 2224 negotiis
814 2157 910 2222 dareta,
928 2165 1030 2208 mumta
1047 2173 1110 2208 esse
1125 2155 1244 2232 credam,

107 2257 167 2293 cum
179 2241 206 2294 in
221 2243 376 2296 huiusmodi
385 2245 586 2296 rebusveteres
599 2243 706 2294 nomina
714 2241 868 2312 antiquitus
877 2241 978 2292 tradita
987 2240 1106 2292 retinere
1114 2239 1243 2292 maluisse

105 2327 175 2378 satis
191 2336 308 2394 scalslet,
326 2327 369 2381 vel
385 2329 409 2379 si
425 2327 532 2380 uomina
550 2327 602 2378 ista
621 2345 675 2378 non
690 2326 804 2396 amplius
819 2325 931 2378 eandem
947 2325 999 2376 vim
1015 2342 1046 2376 ac
1061 2325 1242 2392 significatio-

105 2427 165 2464 nem
193 2413 342 2480 baberent,
368 2414 429 2483 ipsa
458 2411 563 2464 scilicet
584 2428 628 2476 re,
655 2412 698 2463 cni
721 2410 899 2463 declarandae
920 2411 1106 2482 inservirent,
1129 2417 1241 2462 mutata.

105 2495 205 2567 Neque
221 2499 273 2549 hoc
289 2515 343 2550 non
354 2497 484 2564 concedo,
500 2495 573 2565 quod
583 2495 707 2548 nonnulli
722 2495 956 2566 posuerunt***),
972 2495 1027 2559 illa,
1043 2511 1097 2564 qua
1114 2495 1240 2560 diximus,

102 2589 194 2635 aetate
208 2582 253 2634 vel
268 2581 415 2653 plerosque
432 2599 533 2646 eorum,
550 2580 598 2651 qui
610 2581 643 2632 ad
656 2597 735 2633 {trram
751 2580 918 2650 eandemque
934 2580 1034 2631 tribum
1046 2579 1241 2648 pertinuerint,

99 2665 171 2719 idem
195 2668 275 2719 vitae
301 2659 391 2735 genus
412 2669 439 2720 in
465 2667 623 2719 universum
644 2673 755 2718 secutos
771 2683 849 2732 esse3
876 2681 967 2735 seque
987 2681 1054 2716 vero
1076 2681 1168 2716 omnes
1192 2665 1242 2714 boc

99 2751 172 2805 vitae
188 2769 299 2820 genere
312 2753 448 2805 coercitos
463 2769 526 2804 esse
540 2751 632 2818 credo,
644 2751 693 2804 sed
710 2751 779 2802 alios
795 2750 868 2802 aliud
883 2751 917 2802 ad
933 2749 1071 2818 negotium
1084 2749 1134 2801 iam
1150 2758 1241 2801 trans-

99 2853 223 2904 gressos
245 2837 274 2889 id
297 2837 381 2890 libere
403 2837 575 2890 exercuisse:
590 2835 663 2907 quod
681 2835 733 2888 nisi
748 2836 787 2888 ita
810 2854 840 2888 se
859 2835 987 2888 babuisse
1003 2833 1164 2900 statuimus,
1181 2833 1241 2902 ipse

99 2923 237 2989 mutatio,
255 2939 325 2993 quae
341 2939 357 2974 a
378 2923 521 2974 Clisthene
540 2923 610 2974 lacta
630 2922 801 2988 est„decem
821 2922 913 2974 tribus
940 2919 1144 2985 constituente,
1168 2917 1242 2970 nulla

100 3009 224 3078 amplius
242 3007 333 3058 habita
349 3007 456 3058 ratione
472 3007 643 3074 negotiorum
658 3005 732 3059 vitae
746 3007 881 3078 quomodo
894 3007 979 3058 locum
995 3005 1093 3056 habere
1110 3003 1241 3072 potuerit,

101 3091 226 3161 intelligi
243 3092 287 3142 vix
309 3091 421 3160 poterit.
466 3091 545 3153 Quae
561 3109 620 3144 curn
635 3091 673 3142 ita
688 3092 753 3158 sint,
770 3093 916 3160 probamus
934 3091 1039 3159 atique,
1056 3087 1129 3158 quod
1146 3087 1242 3158 posuit

101 3180 194 3230 Grote
213 3176 345 3246 (History
362 3177 392 3228 ol
405 3176 510 3227 Graece
526 3175 577 3226 lll.
600 3193 628 3244 p.
650 3177 685 3228 ott
705 3177 813 3245 seqq.):
834 3177 913 3242 „Tire
936 3193 1026 3227 names
1048 3175 1079 3225 os
1090 3174 1137 3224 tbe
1150 3173 1241 3224 tribus

102 3281 164 3331 may
189 3263 259 3312 bave
285 3259 352 3312 been
377 3259 521 3326 originally
544 3259 689 3311 horrowed
712 3262 780 3312 lrom
802 3261 922 3312 certains
943 3258 1130 3328 professione,
1151 3259 1202 3309 bnt
1220 3257 1242 3308 it

101 3348 173 3400 does
196 3353 245 3397 not
267 3363 414 3413 necessary
430 3343 522 3396 follow
543 3345 602 3395 that
623 3345 669 3396 tue
685 3343 783 3410 reality
797 3343 999 3414 corresponded
1010 3351 1038 3394 to
1062 3342 1117 3394 this
1133 3343 1240 3395 deriva-

101 3433 166 3484 tion
184 3447 216 3481 or
226 3429 286 3481 that
303 3447 386 3499 every
402 3427 553 3482 individual
571 3429 632 3479 who
650 3428 785 3495 belonged
807 3437 835 3480 to
853 3446 907 3496 any
928 3427 999 3479 tribe
1014 3445 1071 3479 was
1088 3443 1103 3478 a
1126 3427 1242 3480 member

103 3517 137 3569 ol‘
149 3515 197 3566 the
213 3515 369 3582 profession
387 3518 454 3568 lrom
470 3514 581 3565 whence
602 3513 647 3564 the
662 3531 738 3565 name
762 3513 813 3565 bad
831 3511 977 3582 originally
997 3513 1066 3566 been
1085 3511 1197 3564 derived
1207 3515 1241 3578 “;

103 3608 239 3667 recteque
249 3599 349 3652 dudum
364 3599 561 3670 pronuntiasse
575 3597 734 3650 crediderim
748 3597 1010 3666 Sclroernanrrnm†),
1025 3613 1241 3666 unamquamque

103 3683 231 3738 civitatis
246 3683 353 3736 Atticae
370 3685 396 3737 in
414 3683 504 3736 tribus
519 3683 673 3751 descriptae
687 3691 791 3752 partem
812 3701 833 3738 s.
851 3684 950 3738 tribum
972 3701 1004 3734 eo
1023 3682 1129 3734 nomine
1148 3679 1240 3749 appel-

101 3771 189 3821 latam
204 3785 276 3834 esse,
291 3786 345 3840 quo
358 3769 501 3834 bominum,
514 3769 561 3838 qui
573 3767 682 3836 plurimi
697 3775 745 3819 aut
757 3769 905 3838 praecipue
916 3768 1050 3834 inessent,
1067 3765 1140 3817 vitae
1152 3779 1241 3832 genus

103 3859 135 3905 et
158 3851 283 3904 condicio
305 3853 519 3921 significaretur.
564 3852 594 3904 ln
617 3852 666 3904 bac
687 3851 773 3920 igitur
797 3853 936 3906 sententia
961 3851 1111 3922 persistere
1138 3848 1241 3918 placet:
1313 3909 1317 3916 ι

105 4000 318 4012 -———.....

180 4085 206 4148 *l
223 4087 283 4138 viu.
301 4092 369 4139 nott.
383 4088 426 4138 ad.
440 4087 478 4150 ll,
495 4087 554 4138 164.
573 4087 606 4138 Τ.
620 4087 641 4137 Ι.
654 4101 715 4152 pag.
729 4085 780 4137 802
795 4099 853 4150 seq.
871 4089 898 4134 et
911 4081 960 4133 807
975 4099 1032 4148 seq.
1162 4151 1168 4164 ι

179 4155 224 4222 **)
241 4157 302 4210 viu.
317 4173 387 4224 quae
406 4160 433 4207 in
449 4165 518 4207 nott.
535 4157 578 4207 ad.
598 4158 631 4220 V,
645 4158 688 4210 66.
705 4171 767 4222 pag.
791 4155 840 4205 ua
853 4155 905 4203 iam
920 4155 953 4202 de
972 4153 1023 4202 bae
1036 4167 1064 4200 re
1079 4165 1239 4202 monuimus.

179 4225 240 4292 ***)
253 4227 316 4283 Vid.
335 4229 420 4280 Meier
434 4229 467 4278 de
478 4227 634 4293 gentilitate
651 4243 677 4292 p.
692 4227 709 4278 b
726 4231 753 4276 et
765 4224 837 4275 conl.
851 4223 964 4274 Mueller
980 4221 999 4276 l.
1014 4222 1031 4272 l.
1045 4235 1106 4287 pag.
1119 4221 1152 4270 44
1166 4237 1241 4288 seqq.

102 4298 141 4350 88
156 4313 372 4434 lllllllltutiqnitt.
390 4369 441 4418 iur.
460 4366 562 4432 public.
577 4365 673 4416 Graec.
693 4379 754 4430 pag.
776 4361 831 4414 165.
852 4361 1027 4414 Griecbisebe
1044 4358 1205 4411 Altertbiim.
1220 4361 1242 4412 1.

102 4456 132 4506 p.
151 4436 211 4491 321.

141 4544 309 4588 auaouor.
334 4543 383 4586 ru.
1003 4517 1039 4578 5l
