2958 5010
226 325 288 390 698
660 332 926 394 HERODOTI

225 503 321 576 ἐόντα
342 506 497 593 βασιλέα,
520 503 603 575 κατὰ
623 509 750 594 ξεινίην
770 534 805 576 τε
825 505 887 596 τὴν
906 508 1034 576 ἑωυτοῦ
1055 501 1073 576 ὁ
1093 505 1264 596 Τήριλλος
1290 504 1384 578 ἅνα-

224 607 375 697 μνοίσας,
395 609 449 678 καλ
462 607 603 697 μα’λιοια
618 609 673 680 διὰ
689 608 751 700 τὴν
762 607 946 693 ΙἈναξίλεω
960 615 1020 679 τοῦ
1033 617 1213 698 Κρητίνεω
1230 623 1382 699 προθυ-

224 719 321 802 μίην,
344 707 396 797 ὃς,
419 708 549 800 Ῥηγίου
565 712 630 782 dclv
643 713 824 802 tripertiens,
847 712 887 782 ed
908 717 1037 784 ἑωυτοῦ
1057 721 1158 784 τέκνα
1181 713 1271 795 δοὺς
1288 713 1380 804 ὁμή-

224 844 304 904 ρους
323 811 460 908 Ἀμίλκμ
475 819 579 905 ἐπῆγέ
596 846 655 905 μιν
673 819 727 888 ἐπὶ
741 815 802 906 τὴν
816 825 994 905 Σικελίην,
1017 819 1191 907 τιμωρέων
1212 823 1266 912 τῷ
1286 846 1379 888 πεν-

223 924 334 1014 θερῷ·
371 926 537 1007 Τηρίλλου
563 919 627 1008 γὰρ
656 919 723 1009 εἶχε
743 924 916 1010 θυγατέρα
931 919 1143 1005 Ἀναξίλεως,
1168 927 1216 1010 τῇ
1233 919 1381 1010 οὕνομα

222 1015 265 1112 ἦν
278 1027 450 1111 Κυδίππη.
479 1019 566 1092 οὕτω
584 1022 624 1114 δὴ
639 1021 700 1094 οὐκ
714 1019 835 1095 οἷόντε
850 1024 1034 1114 γενόμενον
1048 1027 1209 1113 βοηθέειν
1223 1023 1290 1094 τὸν
1306 1033 1344 1095 Γ
1339 1029 1377 1096 έ-

224 1135 316 1194 λωνα
342 1142 428 1196 τοῖσι
455 1124 607 1215 Ἕλλησι,
644 1126 855 1216 ἀποπέμπειν
882 1131 915 1209 ές
943 1126 1102 1216 Δελφοὺς
1127 1127 1168 1196 τοὶ
1194 1129 1374 1218 χρήματα.
1408 1139 1415 1154 ’

158 1239 216 1302 166
225 1228 315 1318 Πρὸς
330 1229 366 1298 δὲ
387 1231 535 1300 καλιάδι
556 1235 709 1318 λέγουσι,
732 1227 776 1311 ὥς
797 1234 923 1320 συνέβη
937 1237 994 1320 τῆς
1009 1229 1111 1320 αὐτῆς
1125 1227 1252 1320 ἡμέρης
1275 1239 1319 1302 ἔν
1333 1261 1372 1302 τε

222 1339 263 1424 τῇ
276 1342 418 1423 Σικελίῃ
433 1337 570 1404 Γέλωνα
584 1337 638 1404 καλ
655 1334 798 1423 Θήρωνα
813 1343 912 1405 νικᾶν
928 1333 1158 1424 Ἀμίλκαντόν
1174 1337 1366 1424 Καρχηδό-

220 1542 294 1592 eirca
315 1555 379 1594 ann.
393 1541 445 1592 470
460 1541 659 1606 expeditionem
677 1543 762 1605 illam,
814 1535 844 1592 οί
856 1532 887 1592 ἒν
899 1541 1015 1606 Σικελίη
1033 1535 1178 1605 οἰκημένοι
1190 1541 1313 1604 Graeci,
1329 1545 1367 1596 ad

181 1627 182 1630 ¹
220 1611 577 1673 nniusduxilannofuerin
588 1613 762 1667 iactsmesee
813 1628 881 1678 quos
908 1628 969 1678 cap.
998 1612 1047 1664 165
1074 1612 1154 1660 initio
1189 1616 1366 1676 provocavit

219 1679 605 1745 probabiliterstatuereliest.
619 1684 762 1735 Hamilcar
811 1683 921 1736 Noster.

219 1749 543 1812 vero‚Henn0n1srllrus
558 1751 761 1818 filius,qnode
846 1743 999 1816 ὠςσυιέβη
1015 1764 1040 1797 κ.
1056 1765 1080 1799 τ.
1096 1745 1132 1812 λ.]
1158 1748 1290 1813 Pugnam
1314 1768 1361 1803 ac-

218 1820 392 1884 Syracusana
404 1818 514 1871 muliere
525 1820 615 1872 editus
627 1823 760 1888 erat(vid.

218 1903 279 1953 cap.
300 1887 376 1953 166),
398 1889 466 1940 satis
484 1891 581 1955 opinor
598 1891 626 1941 id
645 1894 759 1958 indicat,

219 1973 271 2024 quo
290 1973 377 2023 usque
395 1961 585 2011 commercium
607 1963 680 2013 inter
695 1963 759 2014 Car-

218 2028 403 2094 thaginienses
425 2033 453 2078 et
470 2029 589 2082 Graecos
618 2033 645 2082 in
665 2032 759 2084 Sicilia

218 2099 374 2150 habitantes
389 2099 442 2148 ism
454 2099 501 2150 illa
516 2105 608 2152 aetate
619 2118 759 2166 processe·

218 2170 269 2229 rit,
284 2168 353 2217 adeo
366 2173 397 2217 ut
409 2184 478 2220 nnus
488 2185 503 2220 e
515 2172 684 2235 principibus
694 2173 758 2222 Car·

216 2238 426 2303 thaginiensinm
439 2239 494 2290 tale
504 2241 677 2306 connubium,
687 2243 758 2308 quod

216 2308 369 2373 legitimum
394 2313 469 2360 certe
494 2309 659 2374 habebatur,
688 2313 757 2364 inire

216 2377 345 2458 potnerit.

248 2462 321 2496 κατα
311 2439 442 2532 ξεινίην
454 2461 483 2499 τι
493 2464 545 2533 την
555 2437 663 2499 ἑαυτοῦ
673 2441 688 2510 ὁ
702 2442 759 2512 Τη-

216 2517 309 2576 psilon
321 2511 525 2584 ἀναγνώσας]
517 2537 535 2570 ι.
550 2536 573 2569 ο
588 2535 627 2570 τοι
623 2507 757 2584 (Hamil-

216 2587 284 2652 cari)
300 2587 330 2636 ob
341 2586 470 2650 hospitium
481 2588 524 2638 udi
532 2592 663 2650 persuasit
676 2592 756 2641 Terd-

215 2660 267 2720 lns‚
287 2660 319 2705 ut
336 2657 396 2709 scil.
411 2648 514 2709 Geloni
522 2659 686 2724 Graecisque
700 2660 756 2710 bel·

214 2727 268 2776 lum
287 2725 400 2777 inferret
416 2743 502 2792 eoque
523 2727 601 2776 simul
623 2729 754 2778 Terillnm

213 2796 379 2846 restitueret
394 2795 447 2846 Ubi
457 2795 753 2860 perspicuitatiscausa

213 2865 348 2928 repetitur
360 2880 375 2912 ο
365 2855 539 2928 Τήριλλος,
553 2865 587 2913 ob
597 2865 682 2915 multa
694 2883 754 2918 ver·

213 2933 249 2981 bs
264 2933 419 2983 interiecta.
456 2933 534 2996 Quod
548 2937 683 2998 seqnitur,
704 2931 753 2985 δια

212 2996 265 3065 τὴν
276 2996 420 3061 Ἀναξίλεω
428 2999 597 3067 προθυμίην
607 3003 693 3054 velet:
703 3021 752 3068 per

211 3072 351 3121 erudieras
365 3086 446 3135 opera
456 3074 554 3122 sollerti
567 3072 706 3132 Αιιααίίαε,
721 3081 752 3124 nt

211 3140 259 3202 Vl,
277 3141 311 3192 38
326 3140 386 3189 init.
424 3141 466 3192 De
478 3141 594 3193 Ακαπλλιτ
612 3143 684 3195 conl.
695 3145 749 3208 ¹,VI

211 3209 254 3261 23.
274 3211 327 3272 Qui
342 3225 420 3261 socer
431 3211 526 3262 'Perilli
539 3228 599 3262 eum
613 3218 695 3275 esset,
709 3229 751 3265 sa-

211 3279 248 3330 tis
274 3281 451 3346 perspicitur,
476 3282 588 3334 Siciliae
618 3288 748 3347 tyrannos

211 3363 265 3399 non
283 3349 364 3400 aliter
381 3357 463 3417 atque
480 3351 601 3403 Graecos
619 3359 747 3418 tyrannos

211 3420 391 3471 matrimoniis
405 3427 487 3487 etque
498 3423 707 3487 cognationibus
719 3439 748 3474 se

210 3487 327 3540 invicem
344 3492 413 3542 tueri
432 3493 606 3556 ipsorumque
625 3493 747 3542 domina·

210 3561 267 3606 turn
279 3559 384 3610 firmare
392 3561 521 3612 voluisse.
546 3564 664 3612 Cratinus
674 3561 747 3613 filine

210 3628 281 3690 quod
311 3629 410 3679 dicitur
433 3630 579 3688 Anaxiles.
606 3631 676 3682 idem
700 3648 747 3682 no·

209 3711 271 3746 rnen
294 3696 439 3762 Κρητίνης
463 3715 535 3750 nunc
566 3700 684 3752 feliciter
705 3717 747 3751 re·

208 3766 301 3817 stituit
325 3769 353 3817 in
375 3768 491 3834 Scymno
513 3767 579 3820 chio
600 3771 651 3822 949
678 3772 746 3823 Mei-

208 3835 293 3900 nelre,
321 3839 398 3888 onius
417 3838 478 3889 vide
498 3843 567 3889 nott.
585 3855 648 3905 pag.
664 3841 695 3890 (ll
717 3845 745 3891 et

208 3922 271 3972 pag.
283 3907 334 3959 236
347 3909 388 3958 ed.
404 3908 434 3959 C.
447 3907 560 3958 Mueller
575 3908 685 3974 (Geogr.
696 3909 742 3964 Gr.

207 3977 291 4027 minn.
316 3979 348 4028 T.
369 3977 416 4043 1.),
452 3977 527 4028 Idem
551 3993 647 4028 nomen
672 3979 745 4030 infra

207 4063 314 4112 quoqne
344 4052 435 4098 exstat
468 4046 542 4111 apud
575 4048 743 4099 Herodotum

205 4117 273 4180 vrr,
295 4116 352 4168 ιοο.

294 4339 305 4354 ,
375 4285 441 4338 Car.
455 4285 575 4338 CLXVI.

239 4378 368 4450 Hesiodi
386 4384 434 4438 καλ
446 4365 518 4438 τάδε
536 4383 658 4456 λέγουσι]
680 4389 739 4443 scil.

810 1824 933 1873 curatius
947 1819 1091 1884 descripsit
1101 1818 1241 1868 Diodorus
1254 1821 1307 1880 XI,
1325 1825 1357 1872 21

810 1907 895 1960 ¹seqq„
916 1890 1080 1942 dissentiens
1092 1903 1152 1951 cap
1166 1890 1200 1938 24
1215 1889 1252 1938 ab
1265 1891 1360 1942 Hero-

810 1951 904 2012 ¹doto
896 1977 924 2012 ιιι
941 1975 988 2019 eo,
1011 1957 1082 2023 quod
1099 1973 1153 2008 non
1171 1957 1317 2012 Salamine
1339 1979 1358 2012 a

810 2031 922 2082 Graecis
941 1996 1035 2079 eodem
1054 2029 1097 2076 die
1115 2031 1264 2092 pugnatum
1291 2045 1356 2082 esse

808 2099 875 2163 vult,
891 2100 938 2150 sed
955 2095 1153 2180 Thermopylis,
1167 2111 1255 2162 eaque
1268 2115 1299 2150 re
1312 2101 1357 2152 Si

808 2169 884 2221 culos
895 2170 969 2234 prins
983 2167 1126 2218 victoriam
1139 2165 1256 2230 adeptor
1265 2168 1358 2222 Grae·
1409 2189 1415 2198 ·

809 2241 849 2290 cis
875 2240 941 2304 ipsis
969 2239 1087 2316 animum
1114 2235 1221 2287 dedisse
1251 2240 1355 2290 scribit

807 2300 957 2372 (ἐποίησαν
978 2321 1045 2364 τους
1064 2321 1135 2356 κατα
1151 2299 1205 2369 τήν
1226 2296 1354 2358 Ελλαδα

807 2376 966 2442 θαρρῆσαι,
984 2393 1046 2442 cap.
1064 2375 1124 2441 ²3);
1142 2375 1220 2426 addit
1240 2393 1353 2444 quoque

807 2448 876 2498 idern
898 2445 970 2511 (esp.
994 2447 1047 2511 26),
1075 2446 1203 2498 Gelonem
1227 2449 1351 2499 victoria

805 2517 856 2567 han
869 2521 1008 2580 reportata
1020 2517 1197 2567 constituisse
1211 2531 1272 2566 cum
1290 2535 1350 2568 me·

805 2588 865 2650 gnis
886 2586 974 2651 copiis
1003 2586 1031 2635 in
1057 2585 1201 2636 Graeciam
1225 2591 1349 2638 transire

806 2657 972 2721 Graecisque
991 2669 1068 2720 opem
1084 2655 1154 2706 ferre
1172 2661 1269 2706 contra
1280 2659 1348 2709 Per·

805 2741 864 2778 sas:
879 2725 926 2776 sed
937 2741 996 2775 cnm
1009 2726 1173 2777 traiecturus
1181 2731 1263 2787 esset,
1275 2743 1348 2778 nun·

804 2796 871 2844 tium
886 2795 939 2859 ipsi
951 2794 1063 2846 allatum
1076 2809 1135 2846 esse
1149 2811 1167 2844 ι
1180 2795 1345 2858 quibusdam

803 2880 836 2914 ex
852 2864 982 2915 Corintho
1002 2863 1141 2926 advectis,
1165 2863 1285 2915 Graecos
1309 2869 1347 2919 ad

804 2932 968 2984 Salaminem
987 2935 1087 2986 vic-isse
1107 2939 1134 2984 et
1148 2935 1262 2984 Xerxem
1279 2951 1345 2988 oum

803 3005 939 3054 exercitus
959 3010 1038 3068 parte
1058 3019 1091 3055 ex
1108 3006 1220 3067 Europa
1237 3005 1345 3057 disces-

802 3074 887 3123 sisse·
902 3073 965 3124 inde
979 3073 1109 3124 Gelonem
1123 3074 1157 3125 ab
1169 3074 1278 3137 incepto
1295 3075 1345 3127 de-

801 3143 915 3194 stitisse.
956 3144 997 3193 Ab
1018 3144 1151 3196 Herodoti
1175 3149 1254 3208 parte
1280 3151 1344 3196 etat

800 3211 958 3262 Aristotelis
971 3216 1124 3265 auctoritas
1137 3214 1177 3263 Dc
1190 3214 1291 3290 poetic.
1308 3216 1344 3266 23

799 3282 840 3362 sip
850 3282 1009 3332 scribentis:
1023 3296 1116 3362 ωσπερ
1118 3275 1179 3366 γὰρ
1191 3274 1264 3330 κατὰ
1272 3298 1345 3342 τους

799 3343 905 3408 αὐτους
926 3343 1048 3414 χρόνους
1063 3341 1112 3416 ἥτ
1118 3342 1174 3401 ’έν
1195 3349 1343 3416 Σαλαμῖνι

798 3412 905 3482 ἐγένετο
919 3419 1063 3500 ναυμαχίμ
1074 3420 1122 3471 καλ
1139 3437 1156 3484 η
1147 3410 1204 3469 ἐν
1222 3419 1343 3490 Σικελίᾳ

798 3482 1053 3554 Καρχηδονιων
1014 3507 1102 3556 μαχη
1115 3491 1177 3542 rude
1186 3489 1250 3541 mshr
1261 3507 1341 3556 prae-

798 3563 871 3611 stare
893 3560 1001 3611 ridetur
1018 3561 1151 3612 Herodoti
1172 3563 1340 3621 auotoritas,

797 3643 877 3693 qnam
888 3629 1001 3680 eandem
1010 3631 1249 3696 seqniturClintnn
1258 3631 1341 3683 Fast.

797 3698 902 3750 Helleni
918 3715 980 3764 pag.
995 3699 1038 3751 30.
1069 3701 1153 3752 Grote
1167 3700 1294 3765 (History
1309 3703 1342 3752 oi

797 3767 898 3820 Greece
913 3771 946 3820 V.
967 3785 1029 3835 pag.
1044 3769 1106 3831 298)
1127 3775 1251 3821 neutrum
1268 3772 1340 3820 sori·

796 3842 900 3902 ptorem
919 3843 992 3890 recte
1010 3839 1159 3890 tradidisse
1176 3840 1339 3892 arbitratur.

796 3908 888 3972 lpsnm
905 3909 1047 3974 utriusque
1062 3923 1168 3974 pugnae
1184 3908 1256 3960 diem
1272 3925 1340 3960 eon-

795 3979 887 4027 stitnit
895 3977 1020 4030 Bonckh:
1033 3979 1299 4044 (trisenrtondoycl.
1311 3981 1337 4035 1.

795 4063 859 4112 pag.
867 4047 994 4113 73seqq.‚
1006 4051 1052 4113 qui
1062 4048 1276 4100 vicesimum‘vel
1286 4064 1339 4100 un-

795 4117 988 4168 devicesimum
1000 4118 1069 4168 diem
1083 4118 1290 4170 Boiidromionis
1300 4120 1337 4170 ad

792 4187 949 4237 vicesimum
970 4187 1040 4237 diem
1055 4188 1219 4252 Septembris
1240 4189 1337 4240 retulit

792 4257 858 4306 anni
871 4255 923 4306 480
942 4261 1006 4306 ente
1019 4256 1082 4311 Chr.
1096 4271 1121 4307 ιι.
1158 4259 1191 4306 ln
1204 4273 1281 4336 seqq.
1297 4259 1335 4308 ed

791 4324 944 4376 locutiones
956 4317 1142 4390 πρὸςπατρός
1152 4322 1336 4390 ολμητρόθεν

791 4393 904 4460 coni.,1
921 4393 969 4446 1λ3
985 4401 1013 4446 et
1028 4395 1096 4458 vll
1110 4395 1153 4448 uu.
1186 4397 1334 4449 Caeterum
