2994 4972
206 318 244 379 10
634 308 905 370 HERODO'PI

203 490 366 562 θάπτεται
388 491 436 580 τῷ
456 483 565 575 άνθρί.
609 489 647 554 αἱ
665 484 701 554 dl
722 481 819 552 άλλοιι
839 477 1017 570 συμφορὴν
1037 478 1184 569 μεγάλην
1200 482 1335 548 ποιεῦν·

178 607 275 666 brar·
298 590 428 671 ὄνειδος
449 590 513 679 γάρ
535 611 595 677 σφι
617 593 714 658 τέῦτο
734 586 891 676 μέγιστον
904 593 1040 673 γίνεται.
1081 588 1155 653 Των
1170 583 1207 652 dl
1222 579 1264 671 dr}
1277 579 1334 652 άλ-

203 707 272 766 λων
293 703 450 784 Θρηΐκων
477 696 546 764 ἐστὶ
571 691 628 762 ὅδε
653 688 671 761 ὁ
697 691 806 780 νόμος.
853 693 999 759 πωλεῦσι
1026 687 1185 758 τὰτέκνα
1210 690 1249 756 ἐπ
1286 690 1335 770 ἐξ·

202 805 327 890 αγωγῇ.
371 797 428 878 τὰς
458 798 494 868 δὲ
517 799 709 886 παρθένους
736 791 776 863 οὐ
797 793 1025 881 φυλάσσουσι,
1053 787 1126 862 ἄλλ’
1151 795 1228 860 ἑοῖσι
1252 807 1337 860 τοῖσι

203 901 301 974 αὐτοὶ
315 901 492 990 βούλονται
506 899 649 989 ἀνδράσι
669 908 859 998 μίσγεσθαι.
896 894 954 976 τὰς
969 895 1005 965 dl
1019 912 1181 982 γυναῖκας
1196 899 1337 982 ἰσχυρῶς

203 1006 429 1097 φυλάσσουσι,
462 1008 518 1076 καὶ
546 1002 705 1074 ὠνέονται
731 1000 789 1081 τὰς
815 1015 976 1089 γυναῖκας
1005 996 1094 1085 παρὰ
1115 1003 1183 1068 των
1209 1002 1337 1086 γονέων

202 1109 379 1202 χρημάτων
392 1109 561 1200 μεγάλων·
594 1110 648 1178 καὶ
663 1105 699 1176 τὸ
713 1106 773 1196 μὲν
796 1109 946 1193 ἐστίχθαι
967 1099 1099 1192 εὐγενές
1113 1105 1278 1192 κέκριται,
1300 1099 1337 1170 τό

202 1314 247 1362 eui
260 1311 321 1362 edd.
333 1312 487 1376 interpreti.
501 1310 535 1358 sd
548 1308 651 1359 delion.
662 1310 695 1359 V.
706 1307 742 1357 Η.

201 1381 265 1445 Vll,
282 1381 322 1432 18.
350 1381 425 1430 Idem
439 1380 510 1447 apud
524 1379 607 1429 Indos
620 1377 683 1426 olim
696 1392 742 1426 va-

200 1451 286 1502 luisse
299 1466 312 1498 e
323 1450 436 1500 Diodori
447 1449 603 1498 narratione
615 1446 744 1510 intelligi·

201 1526 247 1571 tur
264 1520 342 1576 XIX,
361 1519 402 1570 33.
422 1519 470 1581 ³4,
495 1519 542 1568 ubi
562 1517 617 1568 vid.
634 1517 743 1567 Wesse-

200 1590 280 1654 ling.;
305 1589 371 1653 quin
390 1589 538 1638 etiamnum
556 1585 647 1636 rulers
665 1601 743 1637 nemo

200 1660 257 1710 lere
276 1659 372 1708 neseit.
407 1656 489 1708 Aliud
506 1657 671 1708 Graecarum
686 1672 744 1706 mu-

200 1729 296 1780 lierum
308 1727 472 1790 exemplum,
494 1742 563 1792 quse
576 1743 669 1778 omnes
683 1729 743 1782 τοῖς

200 1788 341 1860 ἀνδράσιν
360 1788 461 1853 ἑαυτάς
479 1788 705 1858 ἐπικατέσφαξαν
728 1811 743 1844 e

200 1871 320 1921 Psusen.
335 1868 389 1929 1v,
404 1867 428 1916 2.
443 1871 466 1930 5.
480 1867 496 1917 5
513 1865 556 1921 fin.
571 1866 666 1916 attulit
678 1865 743 1916 Vel·

201 1939 279 1990 elren.
317 1938 374 1988 Nee
386 1936 477 1988 eliens
488 1942 561 1996 sunt,
573 1952 642 2002 quse
656 1936 690 1986 de
701 1941 743 1984 trr-

200 2008 270 2058 libus
287 2007 408 2074 gentium
422 2006 589 2071 quarundam
608 2005 743 2056 institutis

199 2080 356 2128 notsvimus
373 2077 407 2126 ed
419 2077 465 2138 lv,
482 2077 525 2127 71.
539 2103 572 2114 -
585 2078 633 2127 Cr.
643 2076 684 2126 ed
695 2075 743 2126 hu·

200 2149 243 2198 ius
260 2163 321 2213 cop.
340 2152 528 2212 argumentum
548 2146 665 2197 eonserri
684 2145 743 2197 vult

198 2220 317 2283 Zo'egum
332 2217 374 2266 De
386 2217 512 2268 obelisco.
531 2232 592 2282 pag.
610 2215 669 2268 276.
684 2221 742 2266 not.

200 2290 231 2346 2,
256 2289 303 2338 ubi
318 2287 434 2352 plurimu
451 2287 615 2352 colliguntur
637 2287 670 2336 de
691 2285 742 2337 hoe

200 2373 288 2420 more,
303 2372 356 2423 quo
366 2356 439 2422 spud
450 2357 530 2407 rudes
540 2357 670 2422 quasdam
680 2371 743 2422 gen·

199 2431 241 2480 tes
253 2443 321 2478 uxor
336 2443 394 2478 eum
406 2428 465 2478 viro
479 2428 548 2479 mori
561 2428 678 2478 iubetur.

405 2599 471 2648 Cur.
489 2601 538 2649 VI.

233 2700 355 2750 πωλεῦσι
375 2696 508 2750 τὰτέκνα
532 2692 579 2746 ἐπ’
600 2690 738 2764 ἐξαγωγῇ]

198 2772 216 2819 i.
228 2788 251 2820 e.
265 2771 374 2820 venduut
384 2777 456 2820 natos
469 2783 528 2817 suos
541 2771 565 2818 in
577 2771 641 2818 alias
654 2777 739 2818 emor

197 2840 370 2900 abducendos,
389 2857 410 2889 s.
425 2852 458 2886 es
473 2835 643 2897 conditione,
663 2841 694 2886 ut
711 2839 738 2886 in

196 2909 267 2960 elius
284 2914 371 2958 terras
389 2907 566 2958 abducuntur.
593 2905 675 2956 Haud
688 2905 738 2956 sli-

794 1319 895 1354 memor
913 1304 964 1354 luit
982 1303 1131 1368 Cousine'ry
1155 1302 1280 1370 (voyage
1303 1319 1338 1354 en

794 1373 900 1425 Mseed.
908 1375 929 1423 I.
938 1389 998 1438 pag.
1005 1373 1121 1437 93-97)
1131 1373 1244 1423 similem
1255 1389 1337 1438 queu-

794 1446 855 1494 dsm
869 1443 956 1493 sdhue
974 1445 1001 1492 in
1015 1444 1077 1492 istis
1094 1444 1250 1508 regionibus
1268 1444 1338 1493 obli-

794 1529 858 1564 nere
873 1529 972 1564 rnorem
986 1518 1101 1564 testeus.
1131 1515 1155 1564 N
1158 1529 1255 1578 surque
1270 1529 1285 1563 s
1299 1513 1337 1564 lo·

795 1584 836 1634 eis
850 1584 988 1634 montenis
1001 1583 1036 1632 ad
1054 1583 1121 1632 fines
1136 1585 1237 1634 veteris
1247 1583 1337 1632 Maee-

795 1654 894 1704 donise
904 1651 1054 1715 sitis.(nuue
1066 1657 1182 1704 vocetur
1191 1653 1266 1718 regio
1277 1655 1337 1704 Doi-

793 1721 853 1788 rau)
876 1724 1022 1787 quotannis
1047 1723 1074 1772 in
1097 1723 1193 1787 plenas
1212 1723 1337 1788 regiones

793 1793 829 1843 ud
850 1793 943 1843 urbem
963 1791 1101 1843 Saloniehi
1121 1793 1208 1843 adhue
1228 1793 1338 1844 deseen-

794 1864 861 1912 dunt
874 1864 993 1928 virgines
1010 1878 1124 1912 messem
1145 1864 1269 1914 isolnrss
1287 1863 1337 1912 ibi-

793 1947 846 1997 que
857 1932 939 1982 libere
949 1948 1009 1982 cum
1021 1933 1116 1983 Turois
1128 1938 1338 1984 consuescenies

793 2001 889 2052 honori
907 2002 974 2054 odeo
993 2003 1046 2052 sibi
1064 2003 1180 2066 ducunt,
1208 2005 1232 2054 si
1249 2017 1338 2053 messe

792 2073 868 2121 isole
878 2072 1009 2138 gravidus
1018 2073 1124 2123 domum
1135 2073 1267 2125 venerint.
1285 2074 1309 2123 N
1312 2089 1338 2123 e·

795 2157 846 2208 que
857 2144 927 2192 enim
945 2159 977 2194 eo
990 2141 1114 2207 impediri
1130 2148 1230 2208 putant
1245 2145 1337 2192 metri-

794 2213 913 2263 monium
926 2214 1028 2264 iustum
1042 2217 1070 2264 et
1082 2212 1146 2264 illue
1163 2215 1238 2278 ipsse
1255 2213 1337 2278 virgi-

794 2299 857 2340 nes.
880 2283 989 2349 quando
1007 2282 1089 2333 semel
1111 2289 1213 2348 nuptus
1227 2283 1336 2342 luerint,

794 2353 873 2402 iidem
903 2353 1010 2402 meritis
1038 2357 1180 2417 preestsre
1209 2354 1337 2403 dicuntur

793 2424 947 2472 maximam.
980 2423 1042 2472 Vid.
1057 2421 1154 2473 Annul.
1174 2425 1200 2474 d.
1216 2439 1336 2488 voyages

792 2507 841 2555 per
852 2491 996 2556 Klsproth.
1013 2490 1086 2541 1832.
1100 2494 1119 2542 J
1121 2494 1168 2542 uin
1179 2509 1206 2556 p.
1217 2493 1267 2544 367
1279 2509 1335 2558 seq.

792 2565 819 2612 et
834 2561 905 2610 cous.
921 2561 1045 2611 Ossimir.
1062 2560 1157 2612 Szulo:
1175 2564 1217 2613 De
1229 2563 1336 2627 origine

792 2635 819 2681 el
831 2630 940 2680 sedibus
952 2635 1021 2680 vett.
1037 2630 1190 2694 lllyriorum
1204 2631 1334 2696 (Pernen.

792 2699 869 2764 1856)
884 2715 945 2764 psg.
960 2702 1002 2750 24.
1012 2725 1046 2736 -
1059 2701 1111 2750 Pro
1120 2703 1192 2768 vulg.
1207 2695 1264 2752 οἷσι
1274 2718 1335 2753 cum

790 2775 905 2819 reeentt.
925 2770 986 2820 edd.
1007 2770 1116 2820 exhibui
1131 2775 1206 2822 reios
1226 2777 1335 2822 secutus

790 2838 889 2888 Struve
904 2840 947 2888 in:
967 2842 1079 2902 Qusest.
1101 2840 1133 2892 tle
1154 2841 1264 2894 dialect.
1281 2843 1335 2894 He·

789 2907 847 2957 rod.
861 2908 883 2958 I.
898 2924 923 2972 p.
938 2910 968 2958 ’21
985 2909 1043 2959 sive
1056 2910 1172 2975 Opusee.
1191 2912 1229 2961 Il.
1241 2928 1268 2976 p.
1283 2912 1335 2963 282

102 3107 104 3113 Α
196 3118 328 3168 Adhibuit
344 3116 478 3168 Herodoti
499 3115 583 3165 verbs
601 3115 739 3166 Sohseier.

197 2983 239 3030 ter
261 2979 316 3028 lere
336 2969 382 3026 inl
406 2991 467 3026 eum
491 2975 585 3024 dativo
603 2977 739 3040 reperitur

196 3051 219 3109 Ι,
232 3048 275 3108 60,
289 3048 336 3097 ubi
346 3048 400 3098 vid.
412 3051 479 3096 nott.
492 3045 543 3107 111,
554 3045 668 3106 48.V11‚
680 3045 736 3096 les.

789 2993 846 3042 seq.
862 2978 904 3028 Ad
914 2979 1092 3030 indicativum
1103 2973 1253 3045 βούλονται
1263 2982 1334 3032 conf.

790 3047 904 3098 Werier.
928 3049 957 3099 in
974 3051 1046 3100 Actt.
1072 3050 1146 3116 phili.
1165 3053 1288 3102 Menace.
1310 3053 1334 3102 1.

790 3119 924 3182 pug.274.

825 3184 871 3235 sul
883 3178 1018 3237 ὠνέονται
1030 3182 1079 3245 τὰς
1087 3191 1262 3252 γυναῖκας-
1269 3205 1335 3254 γρη-

197 3250 227 3305 οέ
239 3251 269 3304 d'
280 3247 337 3306 ἐπὶ
351 3254 389 3322 τῇ
401 3249 482 3321 ξένῃ
496 3249 738 3318 πιπρασκόμενοι,
790 3248 886 3320 μάτων
900 3251 1039 3324 μεγάλων]
1060 3259 1183 3310 Genitivi
1198 3276 1276 3310 usum
1293 3265 1334 3310 nt-

196 3328 244 3378 sed
259 3327 313 3376 vid.
332 3341 402 3392 quse
419 3327 455 3378 ed
475 3325 501 3374 h.
521 3324 539 3374 l.
559 3327 665 3376 monuit
678 3328 739 3376 We-
789 3328 841 3392 ligi
861 3328 895 3378 ud
910 3329 937 3391 1,
951 3328 1000 3392 86,
1020 3329 1066 3378 ubi
1084 3330 1139 3380 vid.
1178 3329 1252 3380 Setis
1270 3345 1335 3380 eon-

196 3402 343 3450 slermsnn.
356 3412 417 3463 pag.
432 3397 476 3449 33.
507 3396 586 3458 Quod
600 3397 635 3446 sd
649 3397 739 3461 ipsum
789 3403 861 3460 stet,
876 3413 1036 3461 peromnem
1050 3399 1107 3450 fere
1121 3401 1253 3450 orientem
1263 3399 1333 3450 hane

120 3500 124 3509 -
196 3468 296 3519 attinet
316 3483 388 3531 rem,
413 3467 442 3518 O.
456 3467 489 3517 Ο.
503 3465 629 3517 Mueller:
649 3467 739 3518 Ueber
790 3467 852 3518 olim
877 3469 1001 3533 viguisse
1032 3469 1270 3531 consuetudinem,
1303 3475 1335 3520 ut

110 3575 113 3580 .
196 3539 240 3588 die
253 3537 398 3588 Makedon.
419 3552 482 3602 psg.
501 3535 604 3601 seseq.
624 3538 658 3586 ed
677 3537 737 3587 bsr·
789 3553 917 3600 sponsum
928 3553 1042 3602 sponsus
1052 3545 1153 3590 emeret
1163 3540 1280 3603 indeque
1289 3539 1334 3592 hie

196 3188 232 3237 sd
250 3187 333 3238 verbs
348 3185 491 3238 Plntsrohi
509 3185 566 3240 vit.
582 3185 674 3239 Solon.
693 3185 739 3238 13:

90 3646 92 3650 .
195 3609 322 3659 berorum
346 3607 463 3658 indolem
486 3620 518 3654 so
543 3621 631 3656 mores
648 3607 737 3657 Mece-
789 3606 1334 3674 illidotemeonstitueret,prouideGer·

195 3677 311 3728 donibus
340 3693 450 3740 prorsus
482 3675 637 3740 incognitos
669 3676 737 3727 haee
789 3679 1334 3745 manisquoqnesoribitheilusinGer-

195 3747 287 3798 refert.
329 3749 381 3798 Or.
409 3744 516 3798 consuli
547 3744 606 3794 vult
631 3737 734 3810 lleyne.
788 3765 859 3803 men.
881 3750 929 3811 18,
961 3750 1007 3800 ubi
1032 3750 1135 3802 consul.
1159 3751 1332 3814 interpretes.

195 3817 487 3884 Opusee.Aeodd.1V.
501 3830 528 3878 p.
542 3815 592 3864 125
605 3831 662 3880 seq.
676 3822 733 3866 not.
787 3819 857 3870 Add.
876 3819 999 3870 Perizon.
1024 3821 1052 3870 in
1072 3821 1219 3870 Dissertet.
1239 3821 1332 3872 Tristi.

195 3889 228 3942 de
247 3905 320 3939 more
340 3888 412 3953 apud
431 3891 526 3951 gentes
550 3884 631 3936 rudes
650 3886 735 3936 incul-
786 3905 848 3954 pag.
862 3892 912 3940 277
927 3889 1071 3954 (Derentr.
1088 3889 1177 3953 1679).
1209 3889 1262 3952 Qui
1275 3907 1333 3942 mos

196 3965 293 4021 tssque
310 3959 464 4008 introducto
481 3954 596 4016 liberos,
614 3957 738 4021 inprimis
789 3975 849 4009 eum
863 3959 986 4010 omnibus
1004 3960 1059 4012 lere
1077 3959 1205 4023 gentibus
1218 3960 1334 4010 rudiori-

193 4029 300 4094 puelles
317 4027 451 4080 vendendi
468 4023 584 4089 indeque
596 4031 739 4090 quaestum
788 4029 839 4078 bus
858 4029 941 4080 luerit
958 4031 1122 4090 eommunis,
1144 4029 1217 4080 hs'ud
1235 4031 1333 4080 mirum

194 4099 249 4150 sibi
261 4099 376 4162 petundi
388 4097 579 4155 disserentem
593 4111 670 4160 quern
682 4113 738 4147 rno-
789 4103 846 4163 est,
864 4115 925 4150 eum
941 4101 1013 4163 apud
1028 4100 1162 4150 Thrseise
1177 4106 1273 4165 gentes
1289 4117 1333 4151 ru-

194 4169 332 4218 reminds
355 4169 441 4233 repeti
465 4165 539 4226 vult,
564 4167 636 4229 quod
659 4168 738 4219 liberi
788 4167 931 4234 deestque
949 4169 1185 4236 ineultssquoque
1204 4172 1332 4222 inveniri.

195 4236 259 4286 olim
271 4237 342 4286 inter
351 4253 394 4288 res
404 4236 582 4290 habebantur.
598 4253 663 4302 ques
675 4254 739 4304 quo·
822 4234 871 4288 sol
894 4233 925 4288 τὸ
945 4235 997 4301 μὲν
1015 4231 1142 4304 ἐστίχθαι
1159 4229 1271 4304 εὐγενὲς
1289 4241 1332 4290 τιέ-

194 4321 300 4370 suoque
316 4307 396 4355 modo
411 4307 531 4366 alienare
543 4302 629 4360 licuit.
661 4311 737 4372 Quse
788 4307 893 4373 κριται]
914 4309 1016 4375 Arrigis
1033 4309 1100 4361 hese
1112 4310 1274 4362 Eustathius
1295 4311 1331 4362 sd

195 4391 256 4426 mex
276 4373 309 4426 de
330 4375 428 4440 puellis
447 4383 622 4443 enarrentur,
646 4393 737 4430 eorum
788 4377 832 4429 Ili.
845 4395 873 4442 p.
887 4377 948 4442 933,
961 4381 976 4430 7
991 4396 1014 4434 s.
1025 4380 1113 4442 964,8
1127 4385 1154 4432 et
1167 4381 1201 4430 ed
1214 4381 1329 4445 Dionys.

318 4506 372 4520 Α
