2986 5014
286 331 604 454 EXOURSUS·V
628 331 691 392 AD
715 329 971 396 rrauoooat
995 328 1047 403 Vl,
1069 337 1103 395 69
1203 325 1263 392 817

502 735 822 814 EXOURSUS
850 737 885 812 V

352 906 438 970 AD
483 904 830 971 HERODO'T.
875 902 940 985 Vl,
987 905 1037 965 69.

540 1067 596 1124 Du
620 1063 851 1122 ASTRABACO.

284 1217 348 1296 (Ex
377 1220 551 1278 Creuzerr'
574 1217 730 1276 Corrunualt·
762 1216 904 1272 Hrrorloll.
930 1232 999 1288 puy.
1031 1213 1109 1292 242.)

217 1524 390 1590 „Ferebatur
412 1522 511 1592 triplex
534 1523 603 1574 sama
628 1521 661 1574 de
684 1528 747 1574 ortu
763 1520 910 1574 Demarati.
940 1520 1030 1573 Prima
1052 1520 1193 1590 alteraque
1214 1539 1259 1574 ex-

131 1607 224 1676 pedita
239 1611 291 1669 est,
308 1606 362 1676 qud
379 1607 487 1676 quidem
497 1607 540 1660 vel
553 1607 692 1660 Aristonis
708 1607 782 1674 regis
799 1606 841 1660 vel
856 1605 1000 1659 Astrabaci
1016 1606 1106 1659 herois
1118 1606 1261 1658 dicebatur

132 1691 215 1744 lilius.
260 1690 372 1744 Tertiae
388 1694 474 1743 famae
490 1691 621 1759 originem
636 1691 762 1744 latentem
777 1691 941 1760 aperiamus.
977 1691 1117 1744 Aristonis
1133 1691 1261 1742 dubitan-

130 1783 184 1828 tem
211 1775 327 1828 animum
357 1783 553 1845 nutantemque
579 1776 787 1828 confirmaverat
814 1777 901 1828 oratio
935 1777 1029 1828 uxoris
1055 1783 1083 1828 et
1110 1783 1200 1829 ratum
1226 1776 1260 1828 de

130 1860 282 1928 Astrabaco
299 1860 381 1913 beroe
398 1861 577 1912 narrantium.
608 1858 792 1912 Inclinaverat
813 1876 911 1912 rursus
930 1861 1060 1930 temporis
1082 1861 1165 1928 ratio,
1187 1869 1218 1914 ut
1232 1861 1259 1912 in

129 1935 302 2014 Ephororuin
318 1945 386 1998 adeo
403 1962 537 1998 consessu
561 1944 692 1996 mensium
709 1961 819 1996 nurnero
835 1943 903 1995 inito
919 1945 1013 1996 Aristo
1033 1955 1161 2012 negaret,
1181 1962 1261 1996 suum

131 2028 215 2080 lilium
231 2047 294 2082 esse
309 2029 493 2084 Demaratum.
529 2031 565 2081 m
580 2046 646 2081 vero
668 2028 728 2080 eius
745 2028 810 2080 dicti
831 2045 891 2080 eum
911 2028 1062 2098 poenituit,
1083 2037 1261 2098 posteaquam

131 2113 287 2166 adoleverat
309 2114 453 2182 puerulus.
495 2115 584 2177 Quam
606 2113 816 2166 inconstantiam
836 2111 964 2165 credibile
988 2121 1032 2165 est
1052 2129 1112 2165 euna
1128 2131 1260 2166 excusare

41 2212 46 2218 ·
132 2196 252 2251 voluisse
276 2199 473 2268 Spartanorum
497 2198 672 2268 optimatibus
694 2215 725 2250 ac
746 2197 862 2266 proinde
877 2204 951 2250 certe
967 2197 995 2249 in
1012 2214 1104 2250 aurem
1131 2215 1278 2270 narrasse¹

128 2281 202 2335 illum
217 2281 402 2336 interventum
419 2283 562 2336 Astrabaci
577 2283 677 2348 herois,
694 2299 819 2352 quaeque
842 2281 905 2334 iude
922 2289 1082 2335 evenerant.
1118 2283 1208 2352 Atque
1226 2301 1260 2335 ex

129 2365 179 2418 boc
202 2367 263 2436 ipso
291 2367 398 2422 nomine
424 2370 562 2423 Astrobuci
587 2365 687 2421 inimici
707 2367 851 2419 Demarato
878 2366 998 2419 homines
1024 2369 1189 2430 ellinxerant
1209 2361 1260 2421 τὸν

126 2443 300 2523 evaporata,
319 2471 428 2506 servum
446 2455 605 2521 asinarium,
620 2459 747 2522 tanquam
764 2451 853 2520 ipsius
868 2461 981 2520 patrem.
1010 2452 1081 2505 Nam
1095 2453 1142 2522 qui
1154 2445 1259 2520 Ἀστροέ-

127 2536 215 2607 βακον
236 2537 360 2590 audierat
381 2538 570 2608 pronuntiari,
594 2537 619 2590 ei
635 2554 750 2607 pronum
772 2543 845 2602 erat,
867 2536 901 2589 de
921 2529 1082 2609 ἆστροὶβῃ*)
1103 2537 1163 2590 sive
1179 2537 1258 2590 asino

126 2623 264 2674 clitellario
280 2622 402 2690 cogitare
423 2623 546 2693 adeoque
564 2623 597 2676 de
614 2641 745 2694 agosone,
761 2621 870 2692 quando
893 2622 970 2674 vocis
986 2621 1109 2674 clausula
1136 2651 1170 2662 -
1191 2639 1259 2684 σκος

126 2723 180 2757 non
198 2706 279 2774 longe
293 2707 449 2760 discederet
466 2725 482 2759 a
497 2707 595 2760 vocula
610 2701 688 2775 ἆγός.
731 2707 776 2760 Ne
791 2705 891 2758 multa:
914 2705 1039 2759 luserant
1061 2707 1088 2758 in
1112 2707 1256 2758 Astrabaci

126 2789 234 2842 nomine
247 2791 321 2858 regis
333 2791 494 2860 adversarii,
507 2791 1257 2862 quogravioremnotaminurerentcontemptioremque

125 2874 275 2926 redderent
290 2875 401 2944 populo.
446 2878 544 2947 Neque
560 2895 626 2930 vero
639 2877 725 2929 solum
739 2875 777 2928 illi
796 2877 922 2928 Lacones
939 2885 1006 2928 tunc
1023 2875 1150 2945 temporis
1172 2875 1200 2928 iu
1224 2895 1256 2929 eo

126 2959 233 3010 nomine
256 2959 358 3012 lusisse
378 2963 493 3029 putandi
515 2969 596 3014 sunt:
619 2979 729 3028 verum,
755 2967 786 3012 ut
808 2962 839 3012 lit
867 2961 895 3012 in
921 2960 1101 3028 religionibus
1123 2960 1254 3030 antiquis,

125 3051 235 3095 veteres
252 3043 372 3096 homines
388 3046 421 3096 ab
439 3046 517 3097 initio
535 3057 618 3117 atque
634 3047 775 3099 universe.
809 3047 964 3116 Numquae
980 3046 1118 3116 scriptura
1139 3045 1255 3098 nominis

124 3127 152 3179 iu
168 3127 274 3197 aliquot
288 3127 428 3181 codicibus
444 3137 534 3182 exstat
545 3124 736 3202 Ἀστροβάκου
753 3141 780 3183 et
798 3124 998 3202 Ἀστρόβακος,
1021 3147 1053 3183 ea
1076 3141 1256 3186 astronomum

124 3212 254 3264 declarat.
300 3212 401 3264 Suidas
430 3213 490 3265 Vol.
516 3215 538 3265 l.
564 3234 591 3284 p.
617 3219 670 3268 360
694 3217 777 3268 llust.
802 3215 901 3268 Zonar.
929 3216 996 3267 Lex.
1024 3217 1074 3268 Gr.
1101 3232 1165 3284 pag.
1190 3219 1256 3272 3132

118 3289 298 3368 Ἀστρόβακος
312 3289 327 3350 d
342 3291 519 3366 ἅστρόνομος.
544 3299 642 3360 Qualis
655 3318 720 3352 vero
736 3297 785 3351 b‘oc
797 3300 823 3350 in
837 3299 943 3350 nomine
958 3301 1123 3352 astronomia
1139 3301 1256 3369 cogitari

124 3382 238 3448 debeat,
255 3399 308 3434 uon
325 3391 368 3434 est
385 3383 459 3451 quod
475 3401 591 3452 operose
606 3385 730 3449 doceam,
748 3393 775 3436 et
790 3384 890 3435 Suidus
906 3383 1037 3436 continuo
1054 3385 1134 3438 docet
1150 3385 1177 3438 in
1193 3404 1254 3439 voc.

122 3460 300 3538 ἀστρονομία,
316 3467 363 3518 ubi
378 3461 556 3536 ἀστρολογίας
572 3471 686 3536 μαγείας
702 3470 900 3541 Magonemque
916 3485 947 3519 ac
960 3467 1107 3522 Persarum
1124 3471 1254 3538 (ltlagog)

122 3551 286 3604 mentionem
300 3551 375 3604 iacit.
410 3553 490 3615 Quae
507 3571 565 3605 cum
581 3553 618 3604 ita
631 3554 696 3620 sint,
712 3554 799 3607 altera
814 3553 914 3606 heroici
930 3553 1048 3606 nominis
1064 3556 1150 3606 forma
1166 3557 1253 3608 asino-

123 3656 181 3690 rum
196 3637 359 3690 mentionem
381 3638 474 3690 babet:
498 3648 629 3691 astrorum
646 3641 858 3711 astrologioeque
877 3638 972 3690 altera.
1017 3639 1163 3692 Disiuncta
1189 3639 1254 3692 baec

123 3739 155 3773 nc
170 3721 327 3774 differentia
342 3723 457 3790 iungere
473 3740 504 3774 ac
519 3723 647 3793 copulare
666 3723 745 3776 facile
763 3725 870 3794 possis,
896 3723 920 3774 si
939 3723 1084 3776 admoneas
1105 3717 1213 3792 φάτνης
1228 3729 1256 3775 et

30 3879 31 3882 Ἴ
121 3800 213 3873 ὄνων,
232 3810 369 3861 stellarum
386 3809 412 3860 in
426 3813 642 3861 astronomorum
655 3817 776 3862 veterum
791 3809 869 3860 libris
884 3808 1089 3861 celebratarum.
1112 3809 1173 3876 Ego
1189 3825 1255 3860 vero

194 4041 221 4108 *)
238 4043 358 4094 Bckker:
370 4043 490 4094 Aneodd.
503 4043 525 4092 1.
537 4059 563 4107 p.
574 4045 639 4095 455:
650 4034 879 4110 Ἀστροιβηῖτὶτης
888 4034 1037 4108 ὀνηλάτης,
1048 4042 1104 4092 vid.
1117 4042 1181 4092 ibid.
1193 4058 1255 4108 pag.

123 4114 175 4163 454
193 4115 221 4162 in
236 4107 370 4179 ἁστράβη.
409 4117 498 4179 Atque
515 4113 581 4164 haec
601 4113 697 4164 vocula
720 4114 791 4178 apud
819 4121 923 4164 veteres
946 4114 1134 4165 declaraverat
1159 4117 1253 4164 asinam

123 4187 257 4247 malurnqae
277 4186 431 4234 clitellorlum
457 4199 489 4234 ac
511 4181 624 4247 proinde
655 4183 771 4248 quodvis
795 4185 943 4235 iumentum
968 4184 1133 4246 onerarium,
1156 4189 1253 4247 postea

124 4267 231 4318 quoque
251 4253 343 4304 sellam
357 4253 526 4318 clitellesqae
546 4255 629 4318 ipsas.
660 4254 722 4304 viu.
736 4255 841 4304 Μοοιίο
857 4255 948 4318 ibique
966 4254 1089 4304 Pierson.
1106 4269 1132 4318 p.
1145 4253 1179 4303 57
1194 4270 1252 4319 seq.

123 4322 243 4386 Hesyab.
260 4323 283 4376 l.
298 4339 324 4388 p.
340 4325 400 4374 385.
415 4323 516 4374 Albert.
534 4322 650 4388 Berglar.
665 4328 692 4374 et
702 4324 828 4389 Wagner.
842 4325 877 4373 ad
891 4323 1011 4388 Alcipbr.
1027 4323 1063 4382 11,
1077 4323 1102 4375 3.
1120 4339 1145 4387 p.
1160 4324 1210 4375 32⁰2
1224 4330 1254 4374 et

123 4392 222 4443 Zonar.
241 4393 306 4443 Lex.
322 4395 368 4444 Gr.
382 4409 408 4458 p.
424 4393 483 4446 314.
497 4392 557 4444 321.

158 4499 324 4542 anaooor.
345 4499 394 4541 ιιι.
1016 4477 1056 4538 52
