3002 4972
539 327 720 396 ΕΕΑΤΟ.
744 329 797 396 Vl.
825 341 863 399 ll·
889 341 928 397 lt.
1238 337 1299 402 239

161 507 216 578 ἐπὶ
238 507 338 596 κέρας
356 501 414 587 τάς
433 508 529 592 νέας,
553 503 639 588 ὅκως
661 523 746 577 τοῖσι
771 509 900 598 ἐρέτῃσι
918 508 1093 598 χρήσαιτο,
1121 513 1299 580 διέκπλοον

161 611 360 700 ποιεύμενος
379 617 455 700 τῇσι
468 613 570 699 νηυσὶ
591 609 637 681 δι’
653 609 841 703 ἀλληλέων,
864 615 919 680 καὶ
938 611 1016 693 τοὺς
1030 613 1187 700 ἐπιβάτας
1202 610 1297 682 ὁπλί-

160 736 249 802 σειε,
276 713 313 784 τό
336 713 456 784 λοιπόν
483 719 541 804 τῆς
563 709 687 804 ἡμέρης
713 715 771 794 τάς
790 719 867 795 νέας
894 722 1008 804 ἔχεσκε
1035 714 1087 785 ἐπ’
1111 714 1297 805 ἀγκυρέων,

160 821 300 906 παρεῖχέ
319 845 355 886 τε
375 833 461 887 τοῖσι
473 814 564 886 Ἴωσι
586 819 691 888 πόνον
712 815 757 887 δι’
773 815 906 908 ἡμέρης.
943 824 1038 908 μέχρι
1059 821 1121 907 μέν
1136 849 1201 891 νυν
1217 817 1296 910 ἡμε-

162 924 250 1008 ρέων
264 920 346 990 ἑπτά
360 922 538 990 ἐπείθοντό
552 947 588 990 τε
602 926 658 991 καί
672 925 807 991 ἐποίευν
821 921 857 991 τό
871 924 1111 1010 κελευόμενον·
1138 930 1178 1013 τῇ
1192 925 1229 992 δὲ
1245 927 1298 994 ἐπὶ

109 1025 308 1114 salvatisque
321 1029 356 1094 οί
370 1022 501 1110 Ἴωνες,
517 1020 571 1093 οἷα
585 1022 732 1105 ἀπαθέες
748 1025 858 1106 ἐόντες
872 1026 986 1096 πόνων
1005 1026 1166 1098 τοιούτων
1179 1055 1296 1117 τετρυ-

160 1132 255 1218 μένοι
270 1155 305 1196 τε
320 1134 568 1217 ταλαιπωρίῃσί
578 1155 613 1197 τε
624 1129 680 1198 καί
690 1127 807 1222 ἠελίῳ,
823 1133 939 1212 ἔλεξαν
953 1128 1035 1218 πρὸς
1046 1129 1190 1211 έωυτοδς
1200 1134 1297 1200 τάδε·

167 1239 250 1300 Τίνα
271 1231 442 1320 δαιμόνων
461 1231 673 1322 παραβάντες
689 1233 769 1301 τάδε
790 1230 1066 1322 άναπίμπλαμεν;
1097 1239 1218 1314 οἵτινες
1233 1261 1296 1304 πα-

161 1370 275 1453 &retur
289 1397 395 1450 locus.“
420 1399 540 1448 Devoce
556 1393 707 1454 διέκπλους
792 1387 836 1447 δι’
853 1391 975 1465 ἡμέρης]
996 1400 1014 1450 i.
1029 1415 1052 1450 ε.
1070 1409 1209 1464 μενεαίνω
1225 1403 1297 1462 diens,

162 1471 207 1518 ita
215 1455 311 1532 &ppo
323 1468 357 1518 ad
371 1467 496 1533 'I'hucyth
509 1469 537 1530 Ι,
551 1467 600 1518 49ι
628 1471 708 1530 „aei-
757 1461 797 1514 δι’
813 1459 919 1533 ἡμέρης
933 1459 1014 1533 ὅλης,
1031 1477 1061 1519 ut
1077 1471 1105 1534 1,
1119 1472 1162 1521 67.
1181 1471 1222 1534 ΙΙ,
1240 1472 1297 1522 173.

162 1554 205 1588 em
228 1537 536 1607 hostium-,perrumpere
555 1538 627 1586 etin
644 1553 707 1604 per·

161 1607 319 1672 navigando
329 1610 427 1657 rostris
438 1622 523 1660 naves
535 1605 654 1671 laedere,
666 1623 706 1657 re·

161 1693 220 1728 mos
236 1677 390 1740 detergere,
412 1671 564 1732 διέκπλους
584 1674 705 1742 appella-

163 1752 216 1796 tur.
244 1747 321 1808 Quod
333 1746 415 1796 fiebat
426 1747 490 1796 dnm
504 1745 584 1795 modo
602 1747 708 1796 accele-

163 1821 225 1865 rant
234 1814 371 1880 propulsis
384 1817 498 1880 remigio
512 1815 636 1876 navibus,
650 1833 707 1866 mo·

161 1887 197 1935 do
222 1885 354 1948 recedunt
372 1891 400 1936 et
420 1901 435 1936 e
455 1900 564 1935 recessu
589 1891 670 1950 atque
690 1901 705 1935 e

161 1955 310 2020 longinquo
328 1955 355 2004 in
370 1955 464 2006 hostes
486 1956 623 2005 irruunt.·‘
653 1957 707 2006 Ne·

160 2025 217 2090 gris
234 2025 274 2073 eie
288 2027 414 2088 exponit:
433 2019 585 2080 διέκπλους
601 2013 658 2071 ἐστὶ
673 2015 705 2072 τὸ

164 2089 294 2159 ἐμβαλεῖν
307 2090 354 2142 καλ
367 2088 453 2143 πάλιν
464 2084 645 2158 ὑποστρέψαι
658 2088 706 2141 καί

161 2149 250 2220 αὖθις
262 2153 402 2228 έμβαλείν.

196 2222 269 2289 ὅκως
291 2234 364 2282 τοῖσι
383 2223 493 2297 έρέτησι
517 2223 654 2296 χρήσαιτο
678 2245 703 2281 κ.

161 2317 186 2354 τ.
210 2299 246 2366 h]
281 2301 300 2350 i.
323 2314 345 2350 e.
374 2317 421 2367 ηαυ
444 2305 550 2366 νεηιίμεε
570 2306 706 2351 coerceret

161 2373 300 2421 istr'urmodi
321 2374 522 2442 tr'qnscurslones
547 2375 645 2421 παυίιυιι
667 2371 705 2419 in-

161 2441 298 2504 stituendo,
311 2442 445 2507 simulque
461 2443 544 2492 etiam
557 2441 706 2490 classiarios

162 2514 187 2560 ιἰι
208 2512 284 2560 arratis
304 2518 447 2563 exerceret.
489 2511 522 2560 Id
549 2511 619 2561 enim
644 2523 705 2559 cum

162 2579 313 2644 Schweigh.
334 2587 361 2630 et
375 2580 504 2631 Schneid.
519 2580 635 2630 indicari
649 2579 706 2630 exi-

163 2653 269 2700 eIImem
284 2651 364 2702 verbo
379 2641 517 2710 ὁπλίζειν,
536 2651 569 2700 de
581 2665 634 2715 quo
647 2665 708 2700 rer-

164 2719 197 2769 bo
214 2719 351 2771 cis'lhes.
368 2721 447 2783 LIng.
470 2721 566 2770 Graec.
586 2722 618 2771 V.
639 2735 703 2784 pag.

163 2787 233 2838 2094
253 2789 294 2839 ed.
314 2789 454 2848 Diudori.;
479 2781 546 2845 τοδς
572 2777 707 2855 ἐπιβάτας

163 2861 311 2908 classiarios
323 2859 394 2908 dixit
407 2858 517 2918 milites,
531 2859 579 2923 qui
593 2859 627 2908 ab
637 2861 707 2924 ipsis

162 2929 256 2977 nantis
269 2927 328 2978 sive
340 2928 488 2993 remigibus
500 2927 706 2987 discernuntur;

164 2997 219 3048 vid.
236 3001 305 3046 nott.
320 2999 355 3048 ad
367 2998 415 3060 IV,
436 2997 626 3060 145.v11,9u.
655 2999 707 3048 Eo-

164 3066 224 3116 dem
244 3069 362 3130 pertinet
381 3067 493 3117 verbum
520 3055 707 3132 laederemus,

165 3151 219 3200 quo
244 3137 344 3186 Noster
369 3138 456 3186 utitur
481 3135 537 3197 V1‚
565 3137 605 3189 15.
643 3138 707 3187 vid.

164 3205 360 3256 Wschsmuth:
383 3205 490 3256 Hellen.
508 3205 705 3256 Alterthumsh.

164 3275 202 3324 11.
216 3275 350 3338 pnpilli).
373 3276 414 3324 hd
425 3274 577 3338 imperfecti
592 3275 706 3324 formam

165 3337 257 3407 ἔχεσκε
278 3343 314 3394 cl.
332 3345 360 3405 1,
378 3345 434 3396 186.
465 3343 509 3392 lta
527 3343 599 3393 inira
615 3335 707 3392 ἐθέλε-

164 3426 243 3462 σκον.
282 3413 404 3464 Plurima
427 3411 482 3462 alia
503 3412 584 3462 huius
603 3413 706 3462 lormae

165 3481 289 3546 exempla
302 3483 462 3548 suppeditat
473 3480 591 3532 Brerlov.
614 3499 639 3546 p.
655 3483 706 3532 265

164 3567 224 3616 seq.
248 3552 290 3602 Αδ
305 3558 494 3616 argumentum
507 3552 579 3616 quod
598 3553 708 3612 attinet,

164 3620 318 3672 Larcherus
330 3623 458 3674 observat
468 3621 581 3672 Graecis
595 3622 708 3672 inurere

166 3691 268 3753 inisse,
285 3695 317 3740 nt
328 3707 413 3742 naves
429 3690 522 3741 ordine
534 3691 569 3740 ad
582 3707 657 3742 oram
672 3691 709 3739 si-

166 3764 271 3810 sterent
288 3762 396 3825 ipsique
413 3762 441 3809 in
462 3765 562 3810 terrem
581 3761 710 3812 escende-

165 3833 236 3890 rent,
248 3831 410 3880 custodibus
419 3829 534 3891 relictis‚
546 3832 592 3894 qui
602 3833 627 3882 ei
639 3845 709 3895 quas

165 3899 287 3948 hostium
308 3915 394 3950 nares
408 3898 571 3950 accedentes
588 3898 710 3950 animad-

166 3972 314 4030 verterent,
330 3969 436 4033 signnm
449 3969 561 4030 darent,
578 3985 631 4034 quo
646 3983 709 4019 eou-

167 4043 262 4102 specto
274 4037 371 4102 reliqui
382 4038 514 4088 citissime
526 4039 561 4087 ad
574 4055 658 4089 naves
668 4052 709 4086 re·

168 4107 226 4158 dire
245 4107 393 4172 hostesque
417 4108 452 4156 ad
474 4123 593 4172 pugnarn
618 4105 710 4172 parati

168 4178 293 4242 excipere
330 4181 450 4241 possent.
494 4177 573 4227 Unde
605 4191 709 4226 omnem

167 4245 377 4296 Atheniensium
390 4244 496 4296 cladem
511 4246 546 4295 ad
557 4247 647 4310 Aegos
659 4246 711 4294 Po·

168 4319 257 4365 tames
282 4331 362 4380 quem
382 4314 514 4372 tulerunt,
536 4313 711 4381 repetendam

169 4400 230 4436 esse
240 4384 311 4435 idem
321 4385 505 4438 beneadiicit.

757 1538 820 1599 Vll,
831 1539 891 1588 210.
906 1539 1005 1590 Athen.
1017 1539 1065 1590 IV.
1076 1555 1101 1604 p.
1114 1540 1197 1591 1660.
1211 1557 1236 1604 p.
1247 1542 1297 1590 417

757 1603 786 1654 C.
801 1607 849 1658 XI.
866 1624 927 1672 pag.
943 1609 1036 1672 1631),
1053 1625 1123 1673 quse
1136 1609 1299 1660 attulitllal·

756 1675 835 1726 eken.
861 1678 953 1728 Minus
969 1679 1036 1728 bene
1054 1681 1124 1729 Miot
1138 1680 1299 1745 interpreta-

758 1751 816 1796 tur:
836 1755 892 1796 toas
904 1750 1034 1811 lesjams.

790 1807 839 1862 σία
849 1807 975 1872 άπάθεες
988 1807 1080 1872 ἐόντες
1093 1809 1191 1866 πόνων
1205 1808 1299 1866 raroal-

756 1882 824 1948 των]
846 1885 863 1934 i.
878 1900 900 1935 e.
920 1889 1011 1950 quippe
1024 1889 1160 1935 istiusmodi
1170 1887 1299 1938 talaribus

755 1955 850 2004 τκίιιίιιιε
873 1957 986 2017 adsueti,
1007 1957 1118 2005 laborum
1132 1959 1297 2020 ιὐιμαλίειιλεε.

757 2021 842 2082 (lb-l,
855 2021 915 2072 ⁶207.
929 2023 988 2083 ΙΙΙ,
1003 2023 1052 2074 160
1066 2031 1094 2073 et
1106 2025 1234 2075 Kuehner
1251 2027 1296 2074 Gr.

754 2092 802 2142 ur.
817 2094 841 2152 ξ.
853 2091 915 2144 613.
927 2093 1015 2144 nond.
1042 2093 1084 2142 Ad
1097 2109 1190 2144 vocem
1203 2109 1297 2156 τετρυ-

755 2154 836 2223 μένοι
851 2159 977 2221 et.1‚22
992 2160 1051 2225 (ubi
1067 2161 1122 2210 vid.
1137 2168 1217 2225 nott,
1238 2165 1296 2228 qui-

756 2231 807 2279 bus
820 2229 883 2278 add.
893 2229 1020 2292 Aeschyl.
1035 2230 1169 2279 Prometh.
1184 2234 1216 2280 27
1230 2233 1296 2296 iqu.

756 2297 916 2362 Elomtield).
926 2299 962 2360 ΙΙ,
977 2299 1035 2348 ist).
1048 2301 1163 2362 Appiau.
1174 2301 1204 2349 Β.
1217 2301 1246 2350 0.
1259 2301 1295 2363 ΙΙ,

756 2368 804 2419 3οι
831 2383 902 2433 qnae
920 2368 1100 2432 Wesselingio
1123 2369 1223 2430 debeo,
1250 2371 1297 2434 qui

755 2439 826 2488 idem
843 2437 929 2487 verba
954 2435 1018 2485 τίνα
1043 2431 1189 2500 δαιμόνων
1209 2453 1297 2502 παρα-

755 2499 855 2574 βάντες
876 2507 936 2572 (quo
950 2510 1045 2557 numius
1057 2506 1138 2572 Iaera)
1161 2523 1194 2557 ex
1213 2509 1297 2572 polita

754 2577 864 2628 tinxisse
878 2566 951 2631 recle
965 2577 1110 2627 admonere
1125 2577 1241 2638 videtur,
1259 2581 1295 2628 ci-

756 2651 819 2698 tans
831 2647 1074 2711 Heliodhethinp.
1087 2647 1148 2699 VII.
1168 2651 1192 2710 §-
1203 2649 1237 2698 28
1251 2647 1295 2697 fin.

757 2707 819 2782 έμολ
841 2711 952 2780 μελήσει
966 2715 1053 2766 ταῦτα
1073 2712 1121 2766 καὶ
1139 2709 1237 2782 ὅρκοις
1249 2713 1297 2766 καλ

756 2786 838 2843 θεοῖς
851 2789 910 2844 τοῖς
922 2785 1126 2852 παραβαδεῖσι.

790 2851 857 2906 τάδε
870 2852 1103 2922 ἀναπίμπλαμεν]
1129 2857 1205 2907 Haec
1213 2857 1297 2908 verba

756 2943 811 2978 una
826 2943 887 2977 eum
908 2927 1133 2978 antecedentibus
1151 2925 1216 2975 τίνα
1236 2925 1297 2976 δαι-

757 2990 854 3062 μόνων
875 2990 1053 3063 παραβάντες
1070 2997 1217 3062 adscripsit
1236 2999 1297 3062 quis

758 3067 794 3118 ad
808 3066 969 3132 explendam
983 3068 1122 3128 lacunam,
1143 3082 1213 3131 quae
1226 3083 1298 3117 nunc

758 3143 850 3187 exstat
875 3137 902 3187 in
921 3138 1045 3200 Longino
1071 3138 1119 3201 qui
1137 3137 1237 3186 dicitnr
1255 3137 1297 3186 De

758 3206 887 3256 sublimit.
899 3223 960 3270 cap.
973 3206 1040 3254 XIII
1051 3221 1073 3258 s.
1084 3222 1145 3270 cap.
1158 3207 1260 3259 XVIII.
1271 3210 1296 3269 θ.

757 3279 781 3336 2,
798 3276 845 3324 ubi
861 3275 993 3325 Herodoti
1008 3289 1074 3324 sane
1088 3275 1172 3326 verbs
1184 3276 1298 3327 afferen-

757 3345 792 3394 da
811 3350 898 3398 eraut,
932 3337 1149 3406 ἀναπιμπλάναι
1167 3345 1297 3411 (explere)

757 3413 851 3463 eodem
865 3411 922 3462 lere
934 3427 1024 3473 sensu,
1042 3427 1095 3477 qno
1108 3408 1236 3478 πάσχειν,
1250 3413 1298 3478 φέ-

758 3497 818 3544 ρειν
829 3481 867 3534 V.
879 3485 910 3536 4,
923 3482 970 3530 ubi
984 3480 1039 3532 vid.
1053 3487 1124 3534 nott.
1148 3485 1190 3533 Ad
1202 3485 1298 3536 locuti-

757 3567 833 3601 onem
851 3542 1044 3607 έκπλιόσαντες
1059 3541 1089 3598 ἐκ
1106 3550 1158 3601 τοι]
1177 3547 1247 3603 νόου
1260 3556 1297 3606 cl.

757 3625 828 3670 nott.
844 3619 878 3668 nd
890 3620 944 3683 111,
960 3621 1018 3683 155,
1029 3635 1081 3684 quo
1095 3621 1155 3672 loco
1168 3613 1299 3687 (ἐξέπλω-

759 3703 810 3745 σας
820 3685 878 3737 τιόν
892 3687 1019 3755 φρενῶν)
1043 3692 1114 3755 quod
1129 3696 1298 3757 praepositio

758 3764 823 3809 ante
841 3759 990 3823 genitivum
1008 3763 1109 3812 iterata
1127 3763 1221 3822 abest,
1239 3781 1298 3814 eam

758 3829 810 3878 hoc
820 3842 928 3893 quoque
942 3829 1002 3879 loco
1018 3829 1078 3880 tolli
1090 3831 1148 3880 vult
1162 3833 1253 3882 Naber
1264 3835 1298 3882 'in

759 3899 928 3962 Mnemosyn.
944 3899 990 3949 lv.
1006 3915 1067 3964 pug.
1081 3901 1106 3962 6,
1118 3902 1298 3964 praepositio⁴

759 3983 834 4030 nem,
851 3968 875 4016 si
888 3968 999 4018 verbum
1014 3969 1198 4032 metaphorice
1214 3983 1299 4032 pona-

759 4043 816 4096 tur,
836 4052 974 4101 nunquam
992 4039 1085 4088 iterari
1107 4040 1297 4100 pronuntians.

760 4109 801 4156 De
815 4122 867 4172 quo
881 4107 946 4156 mihi
959 4107 1075 4158 nondum
1091 4107 1130 4154 ite
1141 4109 1245 4154 certum
1259 4108 1299 4155 vi-

761 4177 852 4239 detur,
871 4181 903 4226 ut
917 4177 969 4226 hoc
987 4176 1046 4226 loco
1060 4174 1299 4239 praepositionem,

762 4261 843 4309 quarn
853 4261 945 4296 omnes
957 4249 1050 4295 tenent
1061 4243 1123 4292 libri
1135 4244 1240 4308 scripti,
1251 4246 1299 4296 ab·

762 4315 861 4365 iieiam.
881 4315 958 4376 Quod
969 4301 1301 4377 sequiturbmqs'qmse

763 4376 863 4448 ἔχομεν
882 4399 931 4448 pro
951 4375 1156 4448 ἐπετρέψαμεν,
1180 4384 1300 4438 Illustra-
