3062 4976
565 351 744 416 autre.
774 351 826 416 VI.
848 359 891 419 76.
914 359 958 419 11.

342 513 420 584 ’All’
438 517 509 584 ὅταν
526 515 545 601 ή
563 519 672 602 θήλεια
687 516 738 584 τὸν
757 519 865 604 ἄρσενα
884 519 1029 602 νικήσασα

347 621 482 709 ἐξελάσῃ,
504 623 555 686 καὶ
570 625 661 699 κῦδος
676 624 708 685 ἐν
726 617 902 708 Ἀργείοισιν
916 617 1037 704 ἄρηται,

226 787 295 842 ἈΠ’
310 783 379 841 ὅταν
392 784 409 856 ἡ
420 786 523 857 θήλεια
533 807 557 841 ιι.
570 809 595 847 τ.
608 792 645 858 1.]
666 795 734 844 Tres

195 866 300 929 priores
320 878 416 914 versus
431 863 536 914 oraculi
551 862 614 913 binc
626 863 735 914 exhibet

195 935 278 984 Paua.
294 933 337 993 11,
353 933 395 982 ¹20.
409 937 434 994 ξ.
451 931 481 992 8,
503 933 622 997 itemque
636 933 735 984 Suidas

196 1019 220 1054 s.
233 1018 259 1052 v.
277 999 424 1050 Telesilla
439 1003 490 1052 111.
505 1018 532 1066 p.
552 1004 613 1056 442.
639 1004 679 1052 Ac
691 1019 735 1053 su-

196 1088 246 1136 pra
260 1072 311 1129 VI,
328 1071 358 1120 19
377 1070 489 1120 alteram
508 1071 612 1121 oraculi
630 1079 736 1136 partem

197 1142 233 1191 ad
261 1141 381 1192 Milesios
410 1145 581 1205 spectantem
612 1141 735 1206 legimus.

196 1209 350 1275 Adscripait
378 1210 414 1259 ad
438 1209 465 1263 h.
493 1209 511 1260 l.
539 1211 736 1275 Wesselinpr'us:

198 1280 363 1342 „Caeterum
378 1278 495 1344 Pythias
510 1279 561 1330 hoc
578 1295 736 1344 responsum

197 1365 231 1398 ex
246 1349 378 1399 Herodoti
392 1349 550 1398 narratione
551 1349 672 1434 planum
684 1365 738 1400 non

197 1423 248 1468 est.
289 1417 423 1478 Quorsum
451 1420 523 1468 enirn
547 1433 616 1466 οταν
642 1409 660 1482 ἡ
684 1411 738 1482 θή-

196 1487 258 1536 λεια
270 1481 320 1535 τὸν
333 1478 438 1550 ἄρσενα
451 1480 588 1550 νικήσασα
597 1481 737 1552 Ἐξελαὶσῃ.

197 1557 354 1607 Praeterita
369 1555 584 1607 auntTeleaillae
596 1557 739 1606 documen-

198 1631 228 1676 ta
240 1626 352 1675 virtutis
362 1631 390 1676 et
399 1625 567 1690 prudentiae,
577 1627 673 1691 quibus
684 1642 738 1675 ma·

198 1703 292 1746 trenas
299 1697 470 1760 Argivorum,
484 1703 514 1744 ut
525 1697 640 1760 sumptis
654 1699 737 1744 armis

199 1765 292 1815 urbem
321 1770 494 1830 protegerent
515 1763 739 1830 Cleomensmqus

199 1839 226 1885 et
240 1832 556 1898 invadentesu'partanos
569 1834 739 1898 repellerent,

199 1905 347 1966 animavit,
363 1905 481 1968 petenda
497 1919 530 1953 ex
542 1905 683 1953 Pausania
699 1905 737 1966 11,

199 1972 263 2024 20.“
285 1973 411 2023 Tradunt
425 1975 495 2022 enim
509 1975 663 2024 Pausanias
676 1973 693 2022 l.
709 1974 737 2036 l.,

199 2041 297 2093 Suidas
308 2041 325 2093 l.
334 2041 505 2104 l.,Plntarch.
514 2044 554 2092 De
565 2044 672 2093 virtutt.
682 2059 741 2092 mu·

199 2113 272 2164 liarr.
289 2112 321 2160 Τ.
335 2112 373 2166 11.
390 2128 452 2178 pag.
467 2114 517 2162 245
525 2114 557 2174 D,
574 2114 596 2162 Ii
611 2111 670 2177 (ubi
683 2113 738 2162 vid.

201 2181 407 2246 Wyttenbachii
424 2181 627 2232 Animadversa.
651 2181 694 2243 11,
714 2183 736 2231 1.

200 2266 261 2316 pag.
275 2251 314 2314 7),
328 2251 458 2314 Polpaen.
473 2250 549 2313 Vlll,
562 2250 739 2308 :lucumoni

198 2320 347 2372 Alexandr.
363 2321 506 2370 Strumatt.
520 2320 575 2382 1v,
594 2319 639 2383 19,
663 2319 740 2370 Cleo-

201 2405 291 2440 menes
316 2405 377 2440 cam
404 2391 439 2439 ad
463 2390 557 2440 urbem
587 2388 740 2451 accederet,

201 2475 281 2524 quam
291 2459 320 2510 vi
332 2465 507 2524 expugnaret,
520 2464 577 2508 tum
584 2458 740 2509 Telesillam

200 2529 345 2592 po'etriam,
358 2529 539 2594 virisArgivis
552 2529 579 2577 in
591 2544 684 2593 pugna
695 2544 740 2578 oc-

201 2599 275 2658 cisis,
286 2599 402 2662 Argivas
415 2599 540 2649 mulieres
552 2600 696 2660 excitasse,
710 2602 740 2647 ut

201 2683 277 2717 arma
297 2673 426 2732 caperent
437 2665 640 2733 Spartanosque
654 2665 741 2732 repel-

200 2736 299 2797 terena
323 2737 404 2802 idque
426 2743 509 2787 etiam
527 2737 668 2788 mulierum
686 2737 740 2788 vir-

202 2811 260 2858 tute
279 2805 404 2857 ellectum
423 2823 492 2857 esse.
517 2808 671 2858 Herodotus
683 2805 741 2856 nul-

201 2875 255 2925 lam
274 2876 343 2926 lacit
356 2877 520 2927 mentionem
536 2877 615 2927 huius
632 2878 689 2939 rei,
705 2875 740 2926 ad

201 2961 283 3010 quam
297 2945 402 2996 oraculi
414 2947 498 2997 verba
510 2952 635 3010 spectare
648 2946 741 2996 viden-

200 3023 254 3078 tur,
269 3015 297 3064 in
310 3016 407 3079 quibus
419 3007 436 3080 ή
451 3008 554 3080 θήλεια
568 3018 662 3081 utique
675 3015 741 3065 licet

200 3083 352 3148 intelligere
381 3085 414 3134 de
438 3085 567 3136 Telesilla
587 3091 669 3150 atque
689 3077 741 3132 τὸν

198 3145 304 3218 ἄρσενα
316 3154 349 3204 de
364 3154 507 3206 Cleomene
519 3154 640 3205 mulieris
653 3155 742 3203 consi-

202 3224 241 3274 lio
256 3229 283 3274 et
298 3223 400 3274 virtute
417 3224 542 3274 devicto:
570 3239 640 3288 quae
659 3225 741 3272 tertio

201 3287 741 3358 versuPythiaedicitrrrolloic'rloyelorv

202 3357 404 3426 ἀμφιδρυφέας
424 3357 486 3412 τότε
507 3354 607 3426 θήσει,
633 3378 665 3411 ea
680 3378 741 3426 spe·

201 3439 276 3484 ctare
294 3438 421 3496 poterunt
437 3432 472 3482 ad
487 3432 603 3494 luctum,
618 3446 670 3496 qno
684 3431 743 3480 afti-

202 3503 310 3552 cientur
332 3502 459 3552 mulieres
478 3502 610 3566 Argivae,
630 3515 742 3566 qnorum

202 3572 304 3636 mariti,
318 3578 426 3636 patres,
439 3572 538 3622 fratres
552 3571 580 3620 in
595 3585 686 3635 pugna
700 3585 743 3620 oc·

203 3641 254 3692 cisi
268 3641 380 3692 luerunt
394 3641 558 3692 aOleomene
572 3641 744 3705 atqueSpar-

203 3712 286 3761 tanis.
319 3713 388 3762 Utut
405 3713 505 3762 statuis
521 3711 553 3760 de
570 3709 681 3760 oraculo
696 3725 744 3760 an-

202 3781 297 3844 cipiti,
321 3796 392 3845 quae
409 3781 442 3831 de
455 3779 585 3830 'Telesilla
599 3781 744 3831 memoriae

203 3849 311 3915 prodita
320 3856 392 3913 sunt,
405 3865 437 3900 ea
449 3849 555 3901 demum
565 3857 627 3915 post
639 3850 743 3901 cladem

202 3921 365 3984 Argivorum
394 3921 514 3970 virorum
540 3921 574 3969 ab
600 3919 743 3970 Herodoto

202 4005 264 4053 esp.
287 3989 402 4041 78—82
427 3995 581 4039 enarratam
609 3989 743 4039 accidisse

204 4057 325 4122 putanda
338 4063 426 4120 erunt,
440 4073 500 4109 cum
512 4060 574 4124 ipsa
590 4057 638 4108 illa
650 4057 744 4108 clades

203 4127 360 4179 Telesillam
369 4129 502 4179 excitaret
511 4128 745 4193 mulieresqueAr·

203 4198 291 4262 gircs,
309 4203 339 4248 ut
350 4215 425 4249 orma
438 4203 567 4263 saperent
580 4195 746 4263 atqueCleo·

204 4281 307 4318 menam
320 4268 413 4319 urbem
431 4268 620 4333 adgressurum
634 4265 746 4332 repelle-

203 4343 273 4386 rent.
301 4337 380 4399 Quod
395 4337 540 4388 Telesillae
559 4343 642 4402 atque
654 4337 746 4387 mulie-

203 4421 263 4457 rum
273 4407 437 4474 Argivorum
449 4406 558 4458 lacinus
568 4423 615 4459 cur
625 4405 747 4458 Herodo-

785 799 829 843 tus
844 791 916 842 haud
928 795 1194 852 commemoraverit,
1213 791 1325 842 difficile

785 863 879 927 utique
901 861 990 912 dictu:
1015 865 1077 912 odio
1098 865 1124 912 in
1143 866 1259 927 Argivos
1278 863 1327 912 du-

785 939 875 994 ctum,
897 932 943 995 qui
965 933 1034 983 malo
1051 934 1187 996 gesserint
1212 939 1241 982 et
1265 947 1326 982 cum

785 1004 876 1051 Persis
890 1003 1109 1066 conspiraverint
1123 1002 1251 1052 bellorum
1262 1003 1328 1051 Per-

786 1075 902 1121 sicorum
924 1071 1088 1136 temporibus
1111 1072 1178 1137 (vid.
1193 1071 1326 1122 Herodot.

786 1141 848 1204 Vll,
863 1139 911 1191 148
926 1143 1025 1205 seqq),
1040 1141 1168 1190 Nostrum
1181 1141 1249 1190 haec
1263 1155 1326 1190 con-

786 1211 859 1261 sulto
883 1209 1007 1260 omisisse
1033 1213 1190 1275 suspicatur
1212 1212 1250 1260 Le
1270 1211 1325 1258 Bas

789 1280 976 1344 (Monuments
1001 1278 1166 1344 d'autiquite
1189 1279 1267 1344 figur.
1293 1279 1327 1328 de

787 1347 878 1398 Mores
896 1348 933 1398 11.
955 1364 980 1413 p.
994 1349 1028 1400 ta
1040 1364 1114 1414 seqq.
1135 1348 1222 1412 not.)r
1239 1362 1327 1411 neque

788 1425 878 1467 tamen
893 1417 955 1467 inde
968 1418 1001 1468 de
1011 1419 1128 1469 veritate
1141 1433 1243 1479 eorum,
1256 1432 1327 1481 quae

787 1488 821 1536 de
836 1487 964 1538 Telesilla
981 1488 1134 1550 traduntur,
1146 1487 1340 1536 dubitandum·

788 1571 857 1618 esse,
864 1561 938 1605 recte
949 1558 1047 1606 statuit
1056 1558 1126 1607 idern
1133 1557 1171 1605 Le
1179 1559 1233 1605 Bas
1243 1561 1327 1620 atque

787 1627 820 1676 F.
834 1626 908 1676 Neue
922 1627 950 1674 in
966 1627 1115 1676 Commeat.
1134 1625 1167 1674 de
1181 1625 1328 1675 Telesillae

787 1696 907 1759 Argivae
917 1696 1039 1760 reliquiis
1051 1694 1180 1760 (Durpat.
1193 1693 1282 1758 1813.)
1299 1711 1326 1759 p.

787 1767 816 1813 4:
841 1765 938 1828 quibus
953 1779 1063 1829 prorsus
1075 1765 1200 1830 equidem
1216 1765 1327 1828 accedo,

788 1847 910 1894 causam,
924 1849 956 1882 ex
969 1849 1023 1898 qua
1039 1834 1107 1884 talia
1120 1833 1194 1898 apud
1205 1833 1328 1883 Herodo-

787 1907 844 1951 tum
866 1908 978 1952 narrata
998 1903 1070 1954 haud
1090 1905 1280 1968 inveniantur,
1299 1904 1328 1953 in

789 1972 1328 2038 mediorelinquendameaaeratus,curn,

788 2042 843 2090 nisi
855 2043 947 2092 omnia
957 2057 998 2090 me
1010 2041 1117 2104 fallunt,
1129 2043 1285 2092 Herodotus
1299 2043 1328 2091 in

788 2111 841 2160 bac
865 2117 924 2160 tota
949 2113 1105 2162 narratione
1132 2112 1164 2162 de
1184 2111 1328 2161 Cleomene

789 2186 873 2245 atque
886 2181 995 2246 Argivis
1007 2181 1086 2245 plane
1102 2179 1177 2231 aliud
1192 2182 1256 2246 quid
1269 2197 1330 2246 spe-

788 2251 920 2312 ctaverit,
939 2251 972 2300 de
991 2266 1044 2314 quo
1065 2252 1120 2302 vid.
1144 2255 1212 2299 nott.
1231 2250 1267 2300 ad
1281 2252 1328 2313 VI,

788 2321 831 2372 81.
856 2321 954 2369 Moneo
970 2321 1005 2369 ob
1020 2322 1051 2372 C.
1065 2320 1097 2369 0.
1111 2320 1234 2372 Mueller.
1249 2319 1327 2384 (Dor.

788 2389 811 2438 I.
827 2404 852 2452 p.
870 2389 918 2440 113
933 2389 994 2441 coll.
1011 2390 1047 2439 11.
1064 2406 1089 2454 p.
1102 2389 1175 2452 375),
1191 2391 1237 2454 qni
1251 2391 1330 2440 t'abu-

788 2457 875 2508 losam
891 2458 1013 2522 perhibet
1031 2461 1214 2510 narrationem
1231 2461 1263 2511 de
1278 2461 1330 2509 Te-

788 2526 876 2578 lesilla
895 2533 978 2592 atque
992 2543 1097 2579 omnem
1112 2528 1182 2578 hanc
1196 2529 1331 2580 Herodoti

788 2596 929 2648 historiam
943 2599 1010 2648 dicit
1021 2600 1127 2660 mnam,
1139 2613 1189 2649 neo
1201 2599 1254 2648 sibi
1265 2615 1330 2648 con·

789 2682 883 2731 gruam
904 2668 947 2718 vel
969 2684 1017 2730 eo,
1038 2670 1110 2734 quod
1128 2669 1208 2732 primi
1227 2668 1330 2718 oraculi

789 2752 899 2800 versus,
913 2753 980 2802 qnos
994 2738 1028 2788 ad
1045 2755 1101 2789 rem
1119 2737 1255 2802 quandam
1269 2753 1331 2803 spe-

789 2813 865 2856 ctare
879 2814 984 2872 pateat,
999 2825 1052 2858 non
1063 2809 1239 2874 explicentur.
1263 2808 1330 2856 Inde

789 2877 861 2926 idom
873 2879 994 2941 quaerit,
1016 2893 1078 2928 num
1097 2869 1233 2942 q‘dq'leto
1249 2877 1331 2927 sorsi-

790 2953 839 2996 tan
853 2948 886 2995 ad
895 2947 1026 2997 Iunonem
1037 2953 1158 3011 spectet:
1171 2948 1267 3011 dequo
1277 2961 1331 2995 me·

790 3017 843 3065 rito
857 3015 967 3064 dubitat
979 3017 1018 3067 Le
1032 3018 1086 3066 Bas
1100 3017 1119 3065 l.
1132 3017 1149 3066 1.
1174 3017 1216 3066 Ad
1229 3017 1331 3066 Telesil-

790 3087 839 3134 lcm
852 3086 952 3135 reterre
964 3085 1131 3150 probabilius
1143 3091 1217 3136 certe
1227 3085 1332 3136 videbi-

790 3159 843 3204 tur.
874 3155 917 3204 De
928 3156 990 3218 ipsa
1002 3155 1132 3205 Telesilla
1146 3156 1258 3220 eiusque
1271 3171 1332 3204 car-

791 3223 908 3273 minibus
920 3231 1049 3274 accurate
1062 3224 1214 3288 disputavit
1225 3225 1249 3274 N
1252 3239 1300 3274 aue
1311 3225 1331 3275 l.

790 3293 825 3352 l.;
848 3292 911 3342 add.
926 3293 1024 3342 Ulrici:
1050 3293 1147 3344 Gescb.
1167 3294 1214 3343 der
1232 3294 1330 3347 hellen.

790 3361 959 3412 Dichtkunst
970 3363 1006 3412 11.
1019 3377 1083 3426 pag.
1098 3364 1147 3413 aut
1161 3369 1228 3426 not.,
1243 3363 1330 3414 Bode:

793 3430 889 3482 (lesch.
905 3430 931 3482 d.
946 3430 1042 3482 hellen.
1055 3433 1167 3486 Dichtlr.
1179 3435 1217 3498 11,
1229 3436 1254 3484 2.
1267 3449 1331 3500 pag.

795 3503 834 3552 11.
855 3501 903 3551 118
913 3515 969 3566 aeq.
989 3502 1112 3552 Pertinet
1128 3503 1190 3554 inde
1203 3503 1333 3554 Telesilla

793 3571 827 3621 ad
841 3569 949 3636 Olymp.
967 3572 1085 3635 LXVII,
1100 3572 1116 3623 3
1132 3574 1191 3624 sive
1203 3575 1255 3625 510
1269 3581 1332 3624 ante

794 3639 855 3690 Chr.
880 3657 921 3698 n.,
946 3656 999 3707 quo
1018 3657 1089 3691 auno
1111 3643 1179 3695 baec
1199 3643 1333 3694 accidisse

792 3711 1333 3848 titttt‘lttt‘·stituit

793 3855 960 3900 commentus
973 3850 1127 3902 estSchoell
1139 3853 1178 3918 (in
1192 3859 1260 3902 nott.
1273 3868 1333 3902 ver·

795 3919 910 3970 raculae
921 3922 1055 3971 versionis
1064 3921 1195 3973 Herodot.
1206 3923 1241 3971 ad
1251 3921 1276 3972 b.
1291 3920 1332 3984 l),

794 4005 893 4040 escum
904 3990 1047 4040 obscurum
1058 3991 1164 4041 oraculi
1172 4005 1280 4042 sensum
1290 3988 1334 4040 rel

794 4060 975 4111 obscuriorem
988 4060 1099 4112 reddere
1111 4061 1265 4123 videantur,
1278 4073 1333 4108 tna·

793 4130 841 4179 lim
854 4129 927 4195 apud
944 4130 1031 4194 ipsum
1042 4130 1105 4195 legi.

840 4197 928 4256 κῦδος
942 4227 977 4236 -
990 4189 1106 4263 ἄρηται]
1133 4197 1278 4248 Homerica
1295 4197 1334 4249 lo-

794 4270 884 4331 cutio,
902 4284 971 4334 quac
985 4269 1060 4320 valet
1071 4271 1177 4334 pluriam
1190 4275 1334 4332 reportare,

796 4339 916 4402 aufem,-
941 4339 975 4388 de
995 4355 1049 4402 qua
1066 4338 1121 4391 vid.
1135 4337 1271 4388 Duncanii
1284 4339 1335 4390 Le-

795 4409 849 4458 xic.
865 4423 882 4458 a
895 4409 972 4460 Rost.
985 4408 1087 4458 editum
1101 4407 1122 4459 1.
1144 4423 1169 4474 p.
1184 4410 1228 4464 42.
1256 4408 1336 4467 (loni.
