2994 4972
127 461 131 472 ‚
202 379 242 442 ιι
565 335 569 340 ’
635 366 903 432 unuouonu

204 577 304 624 σαντο
319 547 400 638 πρὸς
413 544 602 632 θαλάσσης,
620 546 793 624 δοκέοντες
807 541 911 632 ταύτῃ
926 537 1147 629 ἐπιχειρήσειν
1160 536 1239 620 τοὺς
1250 541 1338 628 Πέρ-

205 677 264 736 σας
285 653 517 744 ἐμβάλλοντας.
546 653 581 718 oi
597 648 659 736 piu
683 646 724 737 δὴ
738 654 883 728 Παίονες
905 637 990 735 ἦσαν
1010 647 1133 733 ἑτοῖμοι
1148 641 1207 712 τόν
1221 651 1340 732 Μεγα-

144 847 151 858 ·
206 758 309 850 βόζου
324 753 466 845 στρατὸν
487 751 623 822 ἐπιόντα
638 750 780 840 ἐρύκειν.
810 755 845 819 ol
864 750 900 819 δέ
914 751 1043 838 Πέρσαι
1058 747 1246 836 πυθόμενοι
1260 769 1342 817 συν-

207 868 345 932 αλίσθαι
359 857 436 938 τοὺς
451 863 618 942 Παίονας,
633 857 688 926 καί
702 853 764 943 τὴν
777 851 860 943 πρός
873 851 1046 941 θαλάσσης
1060 849 1202 940 ἐσβολὴν
1215 851 1344 941 φυλάσ-

207 986 347 1049 σοντας,
370 970 499 1050 ἔχοντες
520 955 699 1049 ἡγεμόνας,
724 957 785 1046 τὴν
806 957 876 1026 ἅνω
895 953 977 1025 ὁδὸν
995 955 1192 1044 τράπονται·
1220 955 1344 1042 λαθόν-

208 1096 261 1148 τες
283 1067 318 1136 δέ
339 1063 415 1146 τούς
430 1071 580 1143 Παίονας
600 1066 795 1132 ἐσπίπτουσι
816 1065 849 1142 ἐς
870 1057 928 1140 τάς
942 1059 1058 1140 πόλιας
1072 1056 1202 1144 αὐτόν,
1228 1059 1348 1140 ἐούσας

209 1170 344 1262 ἀνδρῶν
366 1168 525 1258 ἐρήμους·
555 1162 609 1235 οἷα
638 1166 673 1235 δέ
696 1170 825 1254 κεινῇσι
849 1163 1062 1243 ἐπιπεσόντες
1087 1159 1249 1244 εόπετέως
1268 1191 1345 1233 κατ-

210 1280 316 1365 έσχον.
339 1280 373 1344 ol
385 1273 420 1342 δέ
434 1278 578 1350 Παίονες
593 1265 636 1349 oie
651 1267 819 1338 ἐπύθοντο
834 1269 991 1357 ἐχομένας
1004 1265 1061 1348 τὰς
1076 1265 1212 1352 πόλιας,
1227 1265 1348 1338 αὐτίκα

211 1379 512 1453 διασκεδασθέντες
527 1369 601 1442 κατ’
617 1371 762 1453 ἑωυτοὺς
776 1377 907 1442 ἕκαστοι
923 1370 1123 1460 ἐτράποντο,
1139 1373 1195 1440 καὶ
1210 1377 1348 1460 παρεδί·

212 1489 315 1550 δοσαν
328 1482 432 1566 σφέας
448 1474 568 1554 αὐτοὺς
587 1492 673 1545 τοῖσι
688 1479 847 1565 Πέρσῃσι.
893 1472 991 1544 Οὕτω
1008 1473 1049 1562 δὴ
1063 1472 1222 1544 Παιόνων
1235 1483 1336 1564 Σιρο-
1349 1501 1408 1552 373

211 1587 346 1661 παίονές
360 1608 396 1650 τε
410 1583 467 1649 καλ
480 1577 651 1648 Παιόπλαι
665 1581 721 1648 καὶ
741 1585 775 1648 ol
792 1581 886 1669 μέχρι
901 1583 957 1665 τῆς
971 1575 1164 1666 Πρασιάδος
1183 1587 1300 1667 λίμνης
1315 1582 1349 1663 ἐξ

211 1793 236 1854 §-
247 1786 298 1840 530
310 1789 338 1838 et
350 1784 486 1838 Knebner.
499 1785 522 1846 §-
534 1783 594 1834 057.
612 1786 667 1832 not.
683 1783 707 1832 2.
718 1807 751 1816 -·

210 1859 253 1910 sd
264 1857 348 1908 verba
360 1847 430 1919 πρὸς
445 1845 592 1916 θαλάσσης
604 1850 684 1916 (errore
698 1868 753 1901 oer-

209 1925 379 1992 sue)conl.1,
393 1925 450 1977 145.
465 1925 503 1985 ΙΙ,
519 1923 567 1972 154
580 1921 669 1987 ibique
682 1925 751 1970 nott.

210 1999 243 2050 In
258 1995 347 2048 verbis
367 2011 442 2060 seqq.
466 1993 538 2058 quod
555 2007 636 2042 voces
657 1990 750 2054 Μεγα-

211 2057 294 2132 βόζον
314 2061 432 2129 στρατόν
457 2064 519 2114 eiici
539 2061 598 2113 vnit
615 2061 706 2112 Noher
725 2061 753 2109 in

210 2137 377 2199 Mnemospn.
398 2135 445 2186 IV.
463 2149 490 2198 p.
508 2133 555 2194 28,
573 2131 647 2182 barud
663 2146 754 2181 essen-

211 2209 274 2256 tior.
289 2232 324 2242 -
342 2204 458 2254 Verbum
476 2195 587 2264 ἐρόκειν
600 2200 754 2267 (probibere,

210 2273 358 2341 repellere),
366 2273 435 2340 quod
446 2271 539 2323 eodem
547 2271 626 2322 modo
637 2271 755 2337 positum

212 2345 350 2396 invenitur
363 2343 415 2404 IV,
438 2344 486 2392 125
508 2340 570 2392 οοΙΙ.
585 2342 637 2398 IX.
653 2341 700 2402 40,
723 2356 756 2390 ex

211 2416 331 2466 Homero
349 2414 458 2464 ductum
474 2413 582 2471 credas;
607 2411 661 2462 vid.
675 2410 755 2460 modo

211 2485 256 2538 lli.
271 2485 325 2546 XI,
340 2484 400 2536 352.
420 2483 483 2544 XV,
500 2482 559 2534 201.
576 2481 683 2542 XVIII,
707 2481 756 2531 120

213 2559 266 2606 etc.
288 2555 330 2604 De
342 2553 463 2619 perlecto
474 2549 654 2606 συναλίσθαι.
665 2550 756 2612 inquo

212 2618 755 2689 augmentumnegligitur,coni.Bredov.

212 2710 238 2757 p.
253 2693 304 2742 202
318 2696 345 2740 et
357 2690 450 2738 Nostri
462 2688 536 2737 locos
550 2689 586 2736 ibi
600 2687 697 2736 allatos
707 2685 755 2746 IV,

214 2759 272 2810 118.
285 2759 353 2819 VII,
368 2756 424 2806 172.
438 2754 496 2806 208.
513 2782 545 2790 -
566 2754 644 2816 Quod
656 2756 755 2804 Persae

211 2827 308 2876 relictlt
334 2825 415 2872 meris
434 2823 482 2871 ord
498 2839 531 2872 ec
552 2823 597 2872 vie
619 2823 756 2872 maritimo

211 2887 264 2959 τὴν
276 2888 335 2942 ἄνω
351 2882 423 2940 ὁδόν
434 2883 608 2954 πράττονται,
628 2891 695 2941 baec
709 2892 755 2941 vis

211 2963 286 3015 nulla
298 2962 351 3012 alia
363 2976 422 3010 esse
434 2963 532 3024 potest.
546 2961 598 3010 niei
610 2975 679 3026 quae
691 2961 756 3010 Per-

213 3051 257 3086 sas
271 3049 288 3083 a
301 3030 435 3096 Byzantio
448 3029 491 3078 vel
501 3029 678 3095 Hellesponto
693 3045 753 3094 prc-

212 3104 298 3153 seetos
312 3117 344 3150 ec
357 3099 479 3150 terrestri
492 3099 589 3150 Itinere
605 3105 708 3150 montes
720 3099 754 3149 eb

213 3173 317 3224 oriente
330 3175 357 3220 et
369 3171 554 3234 septentrione
570 3175 659 3220 terrae
668 3171 755 3220 Paeo-

213 3243 290 3292 nioae
315 3245 501 3304 transgressos
523 3239 558 3289 ad
576 3241 651 3303 ipses
669 3241 755 3290 Paeo·

212 3327 275 3362 num
289 3311 458 3374 Strymonem
480 3309 658 3360 accolentium
678 3310 756 3360 sedes

213 3381 343 3432 ducebat:
363 3385 394 3429 ut
407 3395 473 3430 sane
488 3395 505 3429 e
518 3383 595 3444 tergo
605 3381 756 3431 Paeonibus

212 3449 247 3502 sd
266 3465 339 3500 mare
360 3450 489 3515 digressis
509 3450 699 3514 supervenisse
718 3450 757 3499 vi·

212 3519 328 3570 deantur
344 3521 459 3581 Persoe,
485 3519 532 3583 qui
556 3520 637 3569 urbes
655 3535 757 3570 scenae

212 3589 289 3640 incili
311 3604 393 3654 opere
416 3589 478 3640 inde
503 3589 642 3639 tenebant.
666 3617 697 3625 —
724 3589 757 3638 In

212 3675 289 3724 seqq.
300 3659 435 3709 intectum
450 3657 547 3723 reliqui
556 3647 584 3716 ἐς
595 3653 644 3716 τὰς
656 3651 757 3716 πόλιας

213 3745 274 3778 cum
284 3727 421 3791 Bekkero,
432 3727 555 3778 Dindorl.
570 3733 598 3779 et
609 3728 756 3792 Dietscbio,

213 3797 369 3848 mutandum
383 3797 411 3846 in
424 3789 505 3854 πόλις
516 3801 630 3848 anctore
642 3798 756 3849 Brcdov.

212 3884 273 3934 pag.
293 3867 357 3918 265:
383 3866 455 3931 quod
476 3867 504 3916 in
527 3871 605 3917 tenta
624 3867 757 3931 exemplo-

212 3954 271 3990 rum
289 3936 361 3987 illins
379 3936 481 3988 formae
501 3937 581 4001 copia
602 3938 649 3987 vix
668 3936 757 3988 iacere

211 4008 318 4060 iicebit:
338 4021 422 4072 qnare
435 4005 533 4071 reliqui
543 3999 644 4062 πόλιας
654 4011 684 4056 nt
695 4006 723 4060 h.
737 4006 755 4056 l.

213 4079 254 4127 ite
277 4079 360 4128 etiem
376 4076 448 4126 inire
466 4091 526 4139 cap.
542 4075 585 4131 38.
607 4077 656 4128 102
676 4077 756 4126 buius

212 4147 288 4208 libri,
306 4149 357 4208 VI,
377 4147 420 4197 31.
437 4148 479 4198 32.
494 4145 537 4196 43.
552 4147 594 4196 48.
611 4145 679 4208 VII,
695 4145 753 4196 204.

212 4214 263 4264 207
278 4213 336 4278 (ubi
349 4231 418 4266 unsis
431 4214 557 4269 Dindorf.
567 4215 643 4266 dedit
653 4207 755 4278 πόλις).

255 4271 338 4333 Οὕτω
361 4279 397 4348 δὴ
414 4277 548 4334 Παιόνων
567 4281 757 4348 Σιροπαιόνές

803 1799 872 1849 quse
893 1783 920 1833 b.
935 1781 953 1832 I.
974 1787 1002 1834 et
1019 1799 1076 1850 seq.
1094 1799 1155 1849 cep.
1175 1788 1351 1836 recensentur

803 1859 864 1903 octo
879 1853 961 1904 ferme
972 1855 1108 1905 Paeonum
1121 1859 1227 1919 gentes,
1241 1853 1351 1918 Thucy-

804 1923 881 1974 dides
894 1923 935 1980 11,
947 1921 981 1974 06
992 1939 1068 1989 seqq.
1084 1927 1162 1974 norit
1173 1924 1246 1975 solos
1256 1925 1352 1990 Apric-

803 2009 847 2044 nee
867 1998 894 2043 et
910 1992 1073 2048 Odomantes.
1092 1995 1139 2046 sed
1155 1995 1267 2045 Graecos
1286 2009 1352 2060 qno-

806 2079 859 2130 que
872 2063 955 2112 habet
970 2068 997 2116 et
1017 2065 1113 2115 Leneos
1126 2064 1265 2114 Herodoto
1276 2063 1352 2114 baud

805 2139 978 2185 memoratos.
1000 2134 1119 2196 Quorum
1129 2133 1296 2199 singularum
1308 2149 1352 2184 se-

807 2203 854 2254 des
864 2205 1031 2270 investigere
1043 2205 1135 2255 studet
1144 2204 1279 2256 Getterer.
1291 2203 1317 2253 h.
1334 2202 1352 2252 I.

806 2291 868 2339 pag.
885 2275 933 2325 110
944 2289 1020 2340 seqq.
1054 2276 1107 2324 Pro
1120 2272 1311 2336 Σιροπαίονες
1324 2273 1352 2322 in

805 2344 974 2407 Florentino,
987 2345 1048 2394 eliis
1058 2343 1158 2408 legitur
1168 2341 1195 2392 Σ
1200 2357 1227 2392 ει
1235 2341 1353 2407 poncio-

807 2428 861 2471 νες.
887 2413 1067 2474 Wesselingio
1078 2413 1162 2476 magis
1172 2411 1292 2476 placeret
1303 2411 1354 2462 Σι-

807 2479 972 2545 ριοπαίονες
984 2497 998 2531 e
1010 2481 1138 2544 Stephon.
1152 2481 1218 2544 Bys.
1229 2495 1250 2529 s.
1265 2497 1290 2530 v.
1302 2480 1355 2530 Σί-

807 2566 859 2612 ρις,
876 2549 922 2600 ubi
938 2551 1009 2598 inter
1022 2548 1077 2598 alie
1088 2549 1155 2598 heec
1167 2565 1192 2614 p.
1205 2548 1269 2600 671:
1294 2542 1354 2600 ἐστι

806 2613 854 2667 καὶ
874 2617 956 2677 Σίρις
974 2608 1004 2666 ἐν
1022 2615 1162 2686 Παιονίμ,
1181 2604 1216 2682 ἦς
1230 2611 1260 2666 τό
1274 2610 1354 2669 ἐθνι-

806 2679 859 2736 αόν
874 2678 931 2736 άπό
945 2683 1057 2749 γενικῆς
1071 2684 1282 2748 Σιριοπαίονες.
1314 2691 1353 2741 lic

807 2771 873 2806 asne
892 2755 964 2820 apud
986 2757 1073 2820 ipsum
1089 2758 1258 2810 Herodotum
1275 2760 1352 2823 VIII,

809 2825 857 2876 115
882 2825 1020 2875 Paeoniae
1041 2827 1105 2878 urbs
1127 2833 1354 2882 commemoretur

807 2892 906 2956 Σῖρις,
932 2911 1002 2961 qnae
1022 2911 1093 2947 nunc
1114 2905 1229 2950 vocetur
1250 2899 1352 2959 Serrer,

806 2961 862 3014 vid.
878 2969 947 3015 nott.
962 2964 996 3014 ed
1009 2965 1143 3018 Herodoti
1155 2970 1172 3019 I.
1188 2970 1219 3020 l.:
1245 2985 1296 3034 quo
1309 2985 1353 3020 eo-

807 3033 881 3096 dem,
903 3037 1014 3100 opInor,
1035 3035 1143 3088 feeiunt
1163 3037 1354 3102 Σιροπαίονες

806 3107 907 3168 atque,
929 3106 1002 3170 qnod
1023 3109 1095 3171 apud
1108 3109 1217 3158 Livium
1230 3109 1318 3170 XLV,
1335 3110 1353 3158 4

804 3172 919 3238 iegitur:
940 3175 1035 3237 „Slrne
1050 3178 1165 3240 oppidum
1184 3185 1272 3228 terrae
1287 3178 1352 3227 Odo-

804 3245 955 3295 manticae.“
979 3247 1030 3296 Est
1043 3263 1107 3296 vero
1120 3247 1264 3310 credibile,
1280 3249 1354 3298 Siro-

806 3329 939 3379 peeonum
960 3315 988 3364 in
1007 3315 1098 3366 Asiani
1117 3318 1294 3370 abductorum
1311 3331 1353 3366 εε-

806 3385 854 3434 dec
880 3387 976 3448 postca
1004 3401 1153 3452 occupasse
1176 3386 1353 3447 Odomantes,

807 3469 869 3504 cum
882 3453 957 3504 nulle
971 3456 1084 3518 posthac
1097 3456 1293 3521 Siropeeonurn
1307 3456 1355 3506 liat

807 3524 923 3587 mentio,
945 3525 991 3590 qni
1007 3525 1159 3592 Strymonis
1180 3526 1354 3578 hauddubie

807 3591 885 3642 inere
905 3593 1016 3646 accolae
1037 3611 1053 3646 a
1072 3597 1257 3661 septentrione
1278 3597 1354 3647 urbis

808 3662 930 3714 Sirsrum
955 3668 983 3713 et
1002 3683 1016 3716 e
1038 3667 1147 3732 regione
1165 3665 1354 3730 Peeoplernm.

808 3731 885 3783 Cous.
903 3734 1030 3786 Getterer
1050 3735 1068 3786 l.
1087 3736 1105 3788 l,
1130 3752 1193 3801 μσς.
1217 3736 1273 3788 112.
1294 3735 1353 3787 118.
1408 3741 1411 3746 ’

809 3803 887 3864 Quod
898 3819 962 3854 vcro
972 3805 1085 3856 Nickes:
1102 3807 1142 3857 Dc
1151 3805 1283 3856 Estbcrse
1293 3805 1354 3858 libr.

808 3873 831 3922 1.
845 3888 870 3935 p.
885 3871 936 3923 204
951 3873 1032 3924 hosce
1048 3875 1218 3937 Siropoeonee
1231 3891 1292 3926 eum
1306 3876 1354 3941 Sy·

808 3944 845 3991 ris
867 3943 936 3992 odeo
953 3944 1097 3994 contundit
1113 3945 1274 4010 eosdemque
1292 3945 1354 3996 inde

808 4025 856 4074 pro
878 4011 1015 4064 Idumaeis
1036 4013 1129 4063 heberi
1152 4014 1211 4065 vult
1236 4017 1264 4065 in
1287 4015 1354 4067 boec

807 4081 869 4130 loca
889 4081 1033 4146 profectis,
1053 4086 1111 4146 ipse
1130 4085 1231 4136 viderit
1248 4085 1290 4135 vir
1306 4085 1353 4136 do-

807 4151 955 4202 ctissimus.
985 4153 1128 4216 Paeoploe‚
1144 4155 1168 4204 si
1182 4156 1318 4206 Gatterer.
1334 4154 1352 4206 1.

806 4219 826 4270 l.
836 4237 862 4284 p.
875 4221 925 4270 110
934 4235 1089 4286 sequamur,
1103 4224 1137 4272 ob
1147 4224 1278 4276 Herodot.
1290 4227 1343 4276 VII
1347 4264 1353 4288 ‚

809 4290 858 4338 113
874 4306 948 4356 seqq.
967 4293 1179 4355 septentrionem
1198 4310 1293 4346 versus
1313 4293 1354 4345 ul-

211 4365 240 4401 τε
257 4346 305 4400 καλ
324 4347 468 4403 Παιόπλαι
494 4349 541 4405 καλ
562 4346 592 4402 οἱ
611 4348 690 4418 μέχρι
706 4351 756 4419 τῆς
806 4359 867 4408 timi
882 4361 998 4410 omnium
1014 4363 1150 4414 Paeoniae
1168 4367 1287 4428 gentium
1305 4364 1353 4414 bs-

211 4417 377 4486 Πραοιοίδος
395 4421 496 4488 λίμνης
512 4439 537 4477 ιι.
558 4439 580 4473 τ.
594 4422 630 4491 1.]
652 4425 693 4475 Ex
711 4427 754 4490 iis,
805 4429 976 4480 bitebented
987 4433 1287 4500 orientemStrymonis.
1301 4435 1354 4496 Qui

386 4674 427 4685 Δ.
