2994 4972
211 369 251 436 62
638 365 906 430 HERODO'PI

210 544 306 616 rorici
321 547 390 614 ίστι
404 539 444 613 οὐ
458 545 672 634 περιοπτέον,
687 545 782 631 γένος
796 539 832 611 τὸ
847 540 1082 634 Εὐρυσθένεος
1103 547 1263 631 γενέσθαι
1278 548 1343 630 ἐξί-

210 657 320 738 τηλον.
354 647 396 717 σύ
418 675 483 717 νυν
503 645 565 735 τὴν
584 647 646 735 μὲν
667 653 750 733 ἔχεις
768 663 931 734 γυναῖκα,
954 650 1029 716 έπεί
1045 673 1079 716 τε
1099 673 1150 716 τοι
1173 645 1214 717 οὐ
1227 655 1342 737 τίκτει,

211 759 299 838 ἔξεο,
315 749 420 839 ἄλλην
435 752 471 820 ol
485 755 607 839 γῆμον·
629 752 685 818 καὶ
699 753 822 820 ποιέων
835 755 939 820 ταῦτα
953 749 1182 840 Σπαρτιήτῃσι
1196 747 1341 841 ἁδήσεις.

205 855 241 925 Ὁ
256 857 293 926 δὲ
307 851 462 943 ἀμείβετο
476 852 541 940 φὰς
561 852 689 922 τούτων
709 849 868 942 οὐδέτερα
891 853 1059 943 ποιήσειν,
1081 858 1229 936 ἐκείνους
1243 883 1278 925 τε
1292 853 1334 925 οὐ
1341 876 1395 930 391

210 963 318 1038 καλῶς
332 955 575 1046 συμβουλεύειν
590 960 847 1046 παραινέοντας,
867 957 928 1046 τὴν
949 966 1014 1046 ἔχει
1034 975 1195 1046 γυναῖκα,
1218 963 1342 1029 έοῦσαν

112 1167 115 1174 ’
164 1176 204 1237 40
214 1187 273 1254 σφι
290 1174 475 1235 πείσεσθαι.
508 1163 600 1253 Πρὸς
621 1167 724 1232 ταῦτα
743 1169 777 1232 οί
788 1171 903 1252 ἔφοροι
917 1167 972 1233 καὶ
986 1169 1021 1234 oi
1031 1169 1184 1254 γέροντες
1198 1173 1339 1254 βουλευ-

211 1270 347 1359 σάμενοι
362 1273 570 1358 προσέφερον
582 1266 821 1357 Ἀναξανδρίδῃ
836 1267 931 1336 τάδε·
957 1265 1044 1336 Ἐπεὶ
1058 1277 1174 1337 τοίνυν
1188 1270 1338 1357 περιεχό-

210 1373 314 1464 μενόν
327 1393 363 1443 σε
378 1369 516 1463 ὁρέομεν
528 1377 585 1460 τῆς
599 1379 683 1460 ἔχεις
696 1369 865 1459 γυναικὸς,
880 1369 922 1438 οὐ
938 1372 974 1440 δὲ
988 1376 1090 1441 ταῦτα
1105 1381 1212 1461 ποίεε,
1227 1371 1340 1464 καὶμὴ

211 1587 291 1623 secus
313 1573 454 1624 iecissent.
481 1572 541 1635 Ito,
558 1575 590 1622 ut
617 1569 668 1623 hoc
688 1577 751 1623 utsr
801 1569 863 1621 Eitz
882 1573 996 1635 Qusesl.
1017 1571 1137 1622 Herodd.
1165 1588 1192 1637 p.
1218 1571 1250 1623 10
1278 1586 1338 1636 seq.

212 1641 348 1706 exsrnplo,
368 1641 558 1693 Archidamum
579 1643 750 1707 vituperasse
802 1639 927 1704 (Jahrbb.
943 1641 961 1693 i.
975 1641 1071 1691 Philol.
1087 1657 1113 1691 n.
1127 1642 1228 1707 Pitdsg.
1244 1642 1338 1708 Suppl.

210 1711 337 1762 dicuntur
349 1711 451 1776 ephori,
468 1713 538 1777 quod
554 1712 682 1761 seminem
696 1718 751 1761 ets·
800 1710 861 1761 Vol.
878 1712 924 1761 lX.
938 1727 961 1776 p.
976 1710 1038 1774 330)
1061 1711 1163 1761 mavult
1176 1705 1236 1772 ἔξες
1253 1712 1279 1759 in
1293 1727 1339 1761 sc-

210 1783 272 1832 turi
289 1781 370 1831 nimis
390 1781 513 1846 exiguum
538 1782 660 1832 duxisset
684 1780 750 1846 (qus
801 1780 874 1844 tivo,
897 1796 957 1830 cum
975 1780 1072 1831 Graeci
1091 1771 1196 1842 ἐξεῖναι
1217 1783 1339 1845 γυναῖκα

210 1852 290 1901 dere
308 1849 461 1901 videlicit
480 1866 496 1899 a
509 1850 701 1913 Wyttenbsoh.
721 1852 750 1900 in
800 1849 889 1899 dicere
909 1849 983 1899 soliti
1002 1850 1054 1915 ipsi
1071 1850 1231 1913 videantur,
1254 1855 1338 1916 utque

209 1920 413 1972 Animadverte.
433 1920 469 1969 sd
482 1918 621 1973 Plutarch.
641 1920 748 1971 Morell.
800 1934 862 1970 mox
875 1910 983 1968 ἀπέντα
997 1927 1024 1970 et
1039 1921 1093 1982 IX,
1112 1922 1156 1971 lll
1176 1918 1337 1985 petissetis

209 1991 232 2040 1.
247 2007 309 2055 pag.
331 1989 390 2054 71);
417 1989 682 2054 hendsliterstque
698 1989 748 2042 hoe
800 1989 850 2038 teli
863 2005 892 2039 re
905 1991 1023 2054 positum
1037 1996 1171 2042 occurret.
1197 1990 1265 2039 Mihi
1283 2007 1336 2041 ms-

208 2058 284 2122 loco,
304 2059 350 2109 ubi
363 2075 451 2123 regem
465 2059 499 2109 ob
513 2059 605 2110 uxoris
618 2059 749 2110 sterilits-
798 2059 871 2108 dium
884 2065 1024 2124 praestare
1036 2059 1159 2124 videtur,
1173 2061 1250 2111 cuius
1266 2075 1336 2138 quse

210 2134 263 2180 tem
279 2128 442 2192 compellunt
456 2143 577 2193 eumque,
596 2143 704 2179 uxorem
718 2137 748 2181 ut
800 2129 837 2178 sit
850 2130 902 2191 vis,
917 2144 999 2194 supre
1012 2129 1185 2183 indicavi.-
1198 2130 1256 2180 Vox
1268 2139 1337 2178 ανα-

209 2199 293 2250 ducst
323 2198 415 2249 liberis
447 2198 623 2262 procreandis
661 2203 747 2264 megin
798 2191 1336 2263 pdptqroc.irnpecrniilis(utredditGel-

208 2268 505 2331 idoneemmdmonent.
518 2268 748 2330 Quemadmodum
799 2267 852 2318 lius
867 2270 900 2319 N.
916 2273 974 2319 Att.
990 2269 1067 2318 XVll
1076 2305 1083 2330 ,
1103 2267 1144 2330 lii)
1160 2274 1223 2333 epte
1236 2268 1336 2319 dicitur

209 2339 315 2388 enimin
329 2338 442 2402 singulis
456 2338 572 2398 civibus,
586 2340 625 2388 its
637 2339 664 2388 iu
678 2341 748 2404 regi·
797 2337 831 2387 de
843 2353 936 2400 uxore,
950 2353 1019 2406 quse
1031 2337 1131 2387 nullom
1143 2339 1169 2388 in
1181 2341 1268 2389 virum
1281 2339 1336 2388 cul-

207 2407 259 2458 bns
273 2409 432 2473 praesertim
449 2423 480 2458 co
499 2409 635 2472 spectavit
653 2410 746 2458 metri·
797 2417 859 2471 psm
877 2408 1003 2470 admisit,
1024 2421 1094 2470 quse
1106 2407 1207 2474 pudice
1218 2413 1245 2458 et
1256 2413 1334 2458 cestu

207 2479 326 2528 monium
342 2493 373 2528 ex
388 2477 583 2542 Spartanorum
598 2480 746 2542 sententis,

206 2553 236 2598 nt
250 2547 356 2599 soboles
369 2547 483 2597 robuste
500 2547 608 2596 civitati
626 2551 746 2612 gignere·

207 2623 266 2680 tur,
286 2618 332 2667 cui
345 2631 483 2681 nunquam
498 2616 622 2665 deessent
638 2618 690 2666 viri
705 2631 746 2667 ro-

207 2687 328 2736 bustiae
347 2685 439 2734 fortes.
468 2684 540 2733 Hinc
556 2700 662 2750 qnoque
676 2686 746 2734 diiu-

207 2753 324 2802 diormds
341 2758 421 2815 sunt,
439 2767 508 2816 quoe
523 2755 595 2815 spud
607 2754 744 2804 Plutarch.

205 2821 359 2885 inLycurg.
375 2822 416 2872 15.
434 2820 607 2885 Xenophont.
618 2823 744 2888 RepLs-

206 2905 265 2939 con.
280 2891 303 2939 I.
318 2891 343 2950 §-
358 2891 373 2938 7
391 2889 533 2954 leguntur,
552 2889 604 2941 huc
620 2897 744 2956 specten-

206 2958 259 3020 tin,
279 2958 347 3008 bone
367 2963 488 3008 trsotsts
502 2974 518 3008 e
532 2959 631 3026 Crngio
645 2963 685 3011 De
703 2977 743 3013 re-

205 3027 279 3094 publ.
293 3029 359 3078 Luc.
371 3029 415 3079 111
432 3029 501 3078 inst.
518 3029 564 3078 tx.

240 3088 253 3146 έ
259 3095 319 3147 πεί
328 3110 362 3146 τε
377 3111 418 3146 τοι
432 3088 466 3146 ori
477 3095 574 3162 τίκτει]
594 3098 635 3149 (li.
651 3101 683 3163 V,
701 3099 740 3151 18.

203 3169 267 3220 Mox
280 3183 327 3232 pro
340 3159 400 3228 ἔξεο
418 3167 527 3232 plurimi
541 3168 620 3220 codd.
640 3159 670 3217 ἐκ
686 3165 741 3232 σέο,

205 3238 275 3304 qnod
295 3238 382 3303 ipsum
401 3239 572 3289 antecedenti
591 3236 677 3288 τίκτει
693 3241 742 3292 sd·

204 3309 333 3374 iungitur.
370 3308 401 3358 In
429 3323 484 3358 uns
514 3307 614 3358 didius
641 3299 671 3358 is
695 3309 740 3359 oio

204 3368 287 3442 ἄπες,
306 3377 377 3442 (μιοδ
399 3377 489 3442 plures
505 3378 568 3428 dein
586 3383 740 3430 tenuerunt,

202 3447 225 3496 E
237 3447 378 3498 Schaeseri
390 3449 655 3514 coniecturnfluxit,
668 3450 740 3514 quod

201 3521 315 3567 recentt.
332 3517 392 3567 edd.
416 3517 536 3583 plerique
552 3519 739 3584 exhibuerunt,

201 3587 334 3652 probante
352 3586 468 3641 Bredov.
490 3603 551 3652 pag.
575 3589 641 3652 32²,
668 3581 738 3649 ἔξεο,

201 3656 552 3722 quiestsoristiseemedii
562 3659 739 3723 imperativus

200 3726 278 3778 verbi
290 3714 393 3787 ἐξιέναι
406 3741 455 3790 pro
472 3719 536 3787 έξου
556 3725 622 3791 (vid.
639 3729 738 3780 Metth.

202 3795 249 3848 Gr.
265 3795 310 3847 Gr.
325 3795 348 3858 §-
363 3795 413 3848 213
429 3801 485 3848 not.
500 3794 528 3860 s)
543 3795 592 3847 hoc
608 3797 665 3847 fere
680 3815 739 3849 seu·

201 3881 246 3917 su:
266 3866 359 3917 dimitte
375 3883 392 3916 n
410 3873 436 3916 te
453 3882 475 3916 s.
495 3883 512 3915 ο
529 3873 572 3916 tua
589 3869 660 3917 domo
673 3884 738 3918 uxo-

200 3953 269 3996 rem;
288 3951 305 3986 s
316 3951 368 4001 quo
381 3936 474 3988 eodem
488 3936 571 3986 verbo
585 3937 661 3985 fluxit
680 3924 738 3998 ἔξε-

201 4019 243 4065 σις
262 4008 295 4068 V,
315 4006 349 4058 40
365 4007 487 4068 dimissio,
506 4007 647 4068 diuortium,
668 3998 738 4056 ἀπό-

200 4067 458 4140 πεμψιςμυναικὸς,
473 4079 503 4124 ut
517 4076 628 4140 exponit
639 4076 738 4126 Eurin-

199 4145 287 4203 thins;
302 4161 364 4196 nem
378 4147 406 4196 in
421 4145 511 4196 verbis
525 4134 631 4208 έξίημι,
645 4131 736 4204 ἕξεοις

797 2491 902 2540 semper
921 2478 987 2536 tuit,
1008 2477 1133 2527 immunis
1155 2477 1188 2528 sb
1208 2478 1335 2528 adulterii

797 2547 922 2595 crimine:
941 2561 993 2611 quo
1007 2561 1088 2597 seusu
1101 2546 1172 2597 huno
1185 2563 1277 2598 vocem
1291 2549 1333 2598 vel

797 2615 870 2678 spud
886 2630 979 2666 sacros
994 2618 1141 2681 scriptores
1159 2619 1276 2669 inveniri
1295 2623 1334 2670 te-

796 2687 918 2750 stentur,
929 2701 999 2750 quse
1014 2686 1109 2736 sttulit
1120 2687 1289 2740 Schleusnsr.
1305 2690 1333 2738 in

795 2752 885 2803 Lexic.
900 2755 927 2803 in
938 2757 971 2806 N.
981 2755 1012 2806 T.
1026 2755 1048 2804 Ι.
1063 2771 1090 2820 p.
1102 2757 1159 2808 ln2.
1176 2784 1208 2795 -
1222 2757 1263 2808 ed
1276 2774 1334 2811 ver-

794 2821 856 2871 bum
869 2814 1055 2888 ἐσαγαγέσθαι
1069 2828 1097 2876 in
1113 2826 1164 2878 fine
1178 2843 1239 2894 esp.
1259 2829 1331 2880 coni.

794 2892 880 2942 citata
893 2895 928 2944 sd
938 2895 987 2959 lv,
1001 2895 1044 2946 78.

993 3067 1058 3120 Cur.
1074 3067 1131 3118 XL.

798 3156 900 3246 εἘπεί
937 3168 1036 3221 τοίνυν
1066 3161 1268 3237 περιεχόμενόν
1300 3187 1331 3224 σε

792 3230 920 3302 ορέομεν]
953 3243 1031 3304 Quod
1050 3249 1113 3308 post
1132 3241 1231 3291 τοίνυν
1253 3243 1332 3309 pleri-

791 3321 842 3372 que
873 3309 951 3360 codd.
982 3313 1105 3364 inserunt
1132 3311 1245 3364 silerum
1277 3327 1331 3379 τοι,

792 3377 914 3442 equidem
936 3395 996 3431 oum
1024 3383 1160 3435 Schseler.
1187 3388 1213 3432 et
1230 3383 1329 3435 Metth.

791 3445 930 3498 Seuerofti
955 3451 1014 3502 cod.
1037 3455 1202 3504 auctoritate
1225 3453 1330 3517 deleri3

790 3523 1331 3589 quemquemretinuiseevideoSchweig-

790 3584 882 3638 husus.
900 3590 1026 3642 ettleisi.
1057 3593 1098 3642 Ad
1114 3593 1225 3644 verbum
1239 3591 1331 3658 περιέ-
1381 3603 1390 3618 “

790 3655 892 3720 χεσθοι
915 3661 986 3712 cont.
1006 3661 1114 3725 111,th
1144 3664 1236 3726 ibique
1259 3669 1329 3716 nott.

791 3727 920 3778 Voculam
940 3722 985 3794 (ll,
1002 3747 1072 3797 quse
1089 3737 1151 3797 post
1167 3727 1201 3782 od
1220 3735 1247 3783 in
1265 3749 1329 3799 spo·

790 3795 849 3846 dosi
868 3798 982 3864 legitur,
1001 3817 1062 3852 cnm
1078 3803 1109 3852 G.
1122 3803 1276 3854 Hermanno
1292 3803 1328 3854 sd

789 3866 915 3931 Sophocl.
928 3869 1044 3920 Philoct.
1055 3871 1090 3923 86
1104 3887 1167 3938 pug.
1183 3872 1217 3924 23
1232 3875 1272 3923 its
1283 3891 1329 3925 ex·

788 3935 891 4000 plicare
907 3937 1013 4002 licebit,
1035 3945 1066 3990 ut
1089 3940 1163 3991 illsm
1178 3943 1327 3996 referemus

787 4005 822 4054 sd
833 4006 952 4072 aliquem
965 4015 1069 4074 purtem
1082 4013 1244 4074 sententiae,
1258 4029 1326 4079 quse

786 4076 875 4140 quslis
886 4079 931 4141 sit,
945 4077 1056 4130 dubium
1073 4095 1133 4132 esse
1148 4085 1252 4148 nequit,
1265 4100 1325 4134 enm

786 4148 915 4210 opposito
931 4164 990 4199 esse
1006 4151 1106 4202 debent
1119 4153 1143 4201 ei
1153 4189 1160 4214 ,
1172 4153 1200 4201 in
1216 4169 1270 4218 que
1284 4159 1326 4204 est

199 4215 293 4264 endem
305 4217 376 4266 inest
387 4219 430 4268 vis
439 4221 522 4280 etque
533 4214 561 4264 in
572 4215 653 4264 verbo
665 4205 736 4264 ἆπο-
785 4211 825 4268 δέ.
844 4217 938 4282 ltaque
948 4218 972 4266 h.
986 4219 1002 4268 l.
1016 4221 1055 4271 eie
1068 4223 1195 4286 exponit:
1210 4225 1325 4288 qnoniam

198 4279 329 4346 πέμπειν,
344 4287 416 4350 quod
430 4285 462 4336 de
474 4285 539 4334 viris
555 4283 635 4346 valet,
644 4299 734 4350 quem·
785 4291 810 4334 te
821 4285 852 4336 nb
862 4303 945 4337 neore
957 4297 1001 4339 ιιιο
1013 4294 1096 4342 teneri
1103 4293 1219 4352 videmus,
1230 4301 1255 4342 tu
1264 4308 1323 4341 nero

197 4351 341 4402 comodum
369 4344 536 4404 ἀπολείπειν
559 4353 591 4403 ds
617 4353 732 4406 feminis.
785 4353 867 4420 (olins
884 4363 974 4408 sutem
997 4361 1203 4412 tortsssssliurl
1223 4361 1322 4428 locist)

197 4421 275 4474 Conl.
290 4421 343 4486 VI,
359 4421 433 4496 ditet
446 4423 474 4490 l,
488 4423 521 4476 tt)
531 4423 623 4491 ibique
635 4425 733 4478 citsts.
782 4424 829 4477 ίιοτ
842 4427 897 4492 [ου.
923 4427 985 4482 Vid.
1000 4431 1101 4484 Herod.
1121 4432 1149 4498 1,
1165 4432 1212 4484 112
1228 4431 1322 4502 et111,
