2994 4980
226 282 288 347 σοι
699 264 927 342 auduom

228 456 341 542 οὔρεσι
365 453 428 540 γὰρ
450 439 867 541 ττεριεστεφοὶνωται,’ττᾱσα
882 460 1060 540 Θεσσαλίη.
1104 455 1233 538 Ξέρξεα
1258 449 1300 520 δὲ
1325 453 1383 519 λε’-

228 589 321 650 γεται
339 565 446 628 εἰπεῖν
462 555 543 644 πρὸς
556 563 678 626 ταῦτα·
707 559 816 644 Σοφοὶ
837 555 958 643 ἄνδρες
975 559 1038 626 εἰσὶ
1055 564 1235 644 Θεσσαλοί.
1274 551 1381 623 ταῦτ’

205 753 207 756 ¹
229 663 293 748 ἄρα
315 661 378 748 πρὸ
402 669 527 730 ττολλοῦ
548 660 756 746 ἐφυλάξαντο
771 663 1072 748 γνωσιμαχέοντες,
1093 661 1148 726 καὶ
1164 651 1298 740 τᾶλλα,
1324 661 1385 726 καὶ

217 765 281 836 *in
303 765 413 854 χώρην
433 763 497 850 ἄρα
520 764 608 852 εἶχον
632 759 804 849 εὐαίρετόν
823 790 857 830 τε
882 766 937 832 καὶ
959 764 1186 850 ταχυάλωτον.
1225 759 1294 830 τὸν
1316 760 1386 848 γὰρ

232 869 381 958 ποταμὸν
396 875 530 958 πρῆγμα
549 863 591 937 ἂν
610 860 652 956 ἦν
667 873 795 956 μοῦνον
810 870 938 935 ἐπεῖναί
959 890 1074 954 σφεων
1094 867 1145 934 sni
1164 862 1229 954 τὴν
1247 864 1386 952 χώρην,

268 1061 364 1132 οὔρεσι
372 1059 423 1132 γὰρ
435 1057 775 1130 περιεστεφάνωταιπᾶσα
824 1067 878 1117 total
889 1063 1014 1118 sententiat
1029 1071 1077 1116 aut
1086 1069 1172 1116 melius
1181 1067 1233 1115 sibi
1241 1070 1387 1115 consulen-

235 1137 385 1202 Θεσσαλίη]
407 1139 424 1186 ii
443 1153 466 1188 e.
492 1137 612 1186 montibus
631 1137 693 1185 enim
715 1142 776 1183 ιονι-
825 1145 872 1189 ter.
904 1136 1016 1186 Scilicet
1035 1135 1162 1185 Thessali
1177 1135 1265 1198 olim,
1287 1151 1353 1184 cum
1370 1151 1386 1180 a

235 1226 307 1276 qaam
329 1208 425 1258 coronel
449 1205 483 1270 (s.
507 1207 637 1255 montium
663 1200 775 1266 euroni)
827 1206 958 1256 Graeciae
978 1205 1085 1270 populis
1101 1206 1205 1255 Darius
1223 1211 1337 1254 terrem
1358 1211 1387 1252 et

235 1282 312 1330 ononis
329 1282 412 1328 σίτοιο
431 1285 469 1326 est
491 1275 630 1324 Thessalia.
665 1275 777 1322 Veteres
827 1291 925 1340 aquam
947 1277 1073 1340 petiisset
1093 1273 1158 1338 (Vl,
1178 1273 1243 1338 48),
1271 1289 1339 1324 sese
1361 1275 1386 1321 ei

235 1350 370 1400 essiones
380 1335 642 1407 πᾶσαὴΘεσσαλίης
655 1341 778 1406 equidem
828 1360 881 1394 non
896 1345 1079 1406 tradiderant,
1096 1343 1195 1393 deinde
1210 1359 1300 1406 vero,
1322 1359 1387 1393 cnm

237 1433 297 1469 curn
316 1420 431 1466 recenti.
447 1415 507 1464 edd.
525 1414 616 1464 abieci
633 1411 777 1461 articulum
830 1414 967 1464 Aleuedse
982 1429 1011 1463 ee
1023 1415 1103 1464 Xerxi
1117 1412 1323 1470 tradidissent.
1339 1429 1388 1476 pu-

237 1479 273 1551 ἠ,
296 1501 348 1550 quo
363 1488 457 1533 carent
472 1483 531 1532 libri
550 1483 646 1546 scripti
655 1501 664 1543 ,·
678 1482 779 1545 quique
830 1485 902 1534 tavit
920 1499 967 1532 rex
985 1482 1028 1547 (ut
1044 1484 1123 1532 docet
1140 1483 1244 1532 Noster
1261 1484 1320 1533 sub
1338 1482 1387 1532 flu.

237 1565 264 1606 et
278 1554 304 1606 h.
317 1555 335 1604 1.
354 1558 382 1602 et
397 1551 469 1600 inira
484 1549 654 1614 (Θεσσαλίην
667 1546 776 1610 πᾶσαν)
829 1569 891 1617 cap,
913 1551 1037 1602 1300011.
1058 1553 1125 1613 VH,
1138 1551 1186 1616 (i),
1213 1553 1247 1602 de
1260 1555 1390 1603 comat

237 1626 340 1675 rectius
354 1621 448 1685 utique
466 1621 553 1669 ebert.
582 1620 692 1668 Dicitur
706 1619 778 1668 enim
827 1624 910 1686 pentir
920 1623 1023 1672 consilio
1033 1622 1060 1671 id
1068 1637 1125 1670 esse
1131 1623 1238 1684 sactum,
1253 1621 1387 1686 adeoque

237 1697 314 1742 curnis
325 1690 483 1749 Thessalia,
498 1705 686 1754 οτιοιμιοοιτταε
698 1695 778 1750 putet.
829 1691 926 1740 laudat
943 1707 1003 1751 eos,
1030 1690 1101 1755 quod
1114 1698 1260 1741 cantassent
1280 1701 1387 1742 seuten-

238 1765 329 1827 Ipsam
350 1760 530 1820 locutionem,
550 1773 603 1823 que
616 1760 716 1808 Noster
729 1757 781 1805 uti·
830 1763 888 1808 tiam
899 1768 922 1809 et
933 1761 1016 1808 melias
1028 1760 1076 1810 ribi
1084 1762 1284 1810 consuluissent.
1319 1761 1388 1810 Ger-

239 1839 298 1894 tur‚
319 1846 351 1880 ex
367 1831 487 1879 Homero
510 1834 687 1893 propagatam
712 1825 780 1875 dicit

238 1899 444 1964 Wonsclingius,
456 1913 611 1961 expressam
623 1895 780 1960 abOppiau.

239 1971 376 2020 Halieutt.
395 1968 438 2030 11,
457 1969 511 2017 tet.
537 1966 604 2016 Mihi
618 1967 646 2015 in
663 1971 780 2014 mentem

240 2041 355 2091 veniunt
380 2037 525 2087 Homerica
560 2036 602 2086 lli.
627 2036 690 2096 XV,
716 2032 780 2084 153:

240 2103 314 2172 ἄμφλ
336 2100 387 2156 τὸν
410 2103 466 2155 Δία
489 2097 580 2155 θυόεν
601 2101 688 2164 νέφος
710 2095 780 2151 ἐστι·

242 2173 358 2242 φάνωτο
372 2176 433 2226 οο11.
449 2175 549 2239 Odyss.
567 2176 604 2235 Χ,
628 2173 688 2224 195:
716 2165 782 2230 περὶ

242 2245 332 2311 νῆσον
357 2237 464 2301 πόντος
497 2236 697 2304 ἐστεφάνωται,
738 2239 781 2290 111.

242 2316 351 2375 xvm,
371 2315 434 2365 485:
465 2342 494 2350 -
518 2307 551 2362 τὰ
567 2311 658 2372 τείρεα
677 2305 781 2370 πάντα,

242 2376 303 2433 rcir'
324 2374 447 2446 οὐρανὸς
471 2373 728 2445 ἐστεφάνωται,
750 2405 799 2425 -,

244 2457 275 2505 In
287 2470 362 2519 seqq.
377 2448 463 2513 σοφοὶ
480 2445 584 2511 ἄνδρες
607 2455 686 2500 erunt
698 2448 786 2498 collidi

243 2526 305 2586 oiri,
323 2523 470 2586 prudentes*
497 2521 559 2572 Vid.
573 2519 659 2568 allate
677 2519 711 2567 ad
729 2518 784 2578 111,

244 2597 260 2644 4
275 2601 302 2643 et
320 2593 357 2652 V,
370 2592 411 2642 18.
439 2593 479 2640 De
493 2595 650 2654 argumento
668 2589 709 2637 Cr.
721 2599 786 2635 con-

244 2663 310 2714 ferri
322 2661 380 2710 vult
389 2660 541 2710 casaubon.
553 2659 588 2708 ad
602 2657 700 2706 Athen.
713 2657 734 2719 1,
745 2653 785 2703 18.

249 2748 276 2796 p.
289 2733 317 2780 ll
336 2732 366 2778 B.
381 2744 407 2792 p.
423 2727 471 2777 103
484 2725 635 2789 Schweigh.

279 2792 423 2858 ταῦτ’ἄρα
440 2787 495 2857 πρὸ
510 2793 617 2842 πολλοῦ
630 2783 788 2851 ἐφυλάξαν-

246 2882 277 2916 το
293 2859 541 2931 γνωσιμαχέοντες,
553 2858 600 2910 καὶ
611 2849 708 2923 τᾶλλα]
732 2863 749 2908 i.
762 2875 785 2910 e.

248 2941 320 2988 Haec
335 2937 412 2998 λαίαν
425 2937 472 2982 inm
489 2935 564 2980 multo
581 2938 639 2980 ante
656 2931 705 2980 sihi
717 2945 789 2978 τονι-

246 3004 430 3054 rrmtThessali
437 3001 529 3050 rnutntd
539 3000 662 3066 sententiat
669 2997 787 3063 (primii,

249 3074 340 3125 turricli
353 3081 455 3121 caetera
464 3079 512 3120 tum
525 3073 583 3135 quin
593 3072 717 3133 repionem
726 3083 788 3117 rane

246 3141 474 3204 hubehrrntsacilem
488 3149 571 3203 raptu.
593 3134 788 3204 φνλάττεσθαι

247 3213 341 3262 addito
362 3210 520 3260 accusativo
536 3210 577 3260 sic
597 3210 746 3274 reperimus
763 3206 786 3267 1,

250 3280 315 3341 108,
329 3281 448 3344 itemque
462 3279 535 3344 apud
547 3279 659 3328 Hesiod.
670 3269 747 3340 Ἕργ.
759 3289 784 3324 τι.

242 3341 367 3411 '11quss
396 3349 513 3415 aliisque
542 3349 611 3398 locis
639 3348 730 3396 allatis
758 3347 785 3393 in

249 3417 381 3468 'theom
389 3419 466 3484 Ling.
474 3419 677 3469 GraecaeVlll.
685 3432 710 3481 p.
722 3415 783 3465 1121

249 3487 289 3536 ed.
306 3488 430 3538 Dindori.
460 3491 498 3538 Ac
509 3488 587 3538 reddi
598 3503 678 3550 posse
691 3487 787 3535 euitare

249 3556 357 3620 aliquid,
384 3562 462 3606 notet
478 3557 647 3608 Doederlein.
668 3557 695 3604 in
715 3555 788 3604 Actt.

251 3625 325 3690 phill.
341 3625 467 3676 Monsco.
483 3627 505 3675 1.
522 3641 548 3690 p.
562 3626 610 3684 35,
625 3640 703 3688 quem
718 3623 789 3672 exci-

251 3700 293 3745 tet
312 3694 346 3743 ad
366 3693 392 3742 h.
407 3695 424 3743 1.
445 3696 563 3746 Greuzer,
590 3695 706 3743 Verbum
721 3707 790 3755 γνω-

251 3763 394 3826 σιμαχέειν
406 3764 488 3825 attigi
502 3763 536 3812 ed
550 3765 607 3822 111,
622 3765 669 3821 25ς
690 3762 723 3812 de
742 3777 790 3810 no-

250 3840 308 3884 stro
322 3833 382 3883 loco
396 3834 436 3882 sic
449 3833 572 3895 disputat
586 3831 792 3895 Schweighaeu-

207 3949 212 3958 .
252 3919 328 3956 seros
352 3903 378 3950 in
398 3903 464 3950 Lex.
482 3901 613 3952 Herodot.
630 3899 791 3949 adverbum

251 3968 529 4038 procrpuze'ovrecss.
540 3985 566 4034 p.
578 3968 653 4030 ruzil:
669 3971 740 4030 „Pro
750 3984 791 4029 eo,

252 4042 324 4108 quod
346 4040 424 4090 Vulls
444 4043 587 4104 posuerat,
607 4036 675 4086 Suae
688 4037 738 4087 silli
748 4041 791 4085 im-

251 4113 392 4162 becillitatis
401 4110 494 4158 conscii
502 4145 509 4168 ‚
519 4113 567 4156 ant
577 4105 649 4170 quod
664 4121 712 4154 uns
728 4122 792 4156 enu-

252 4181 311 4230 dem
323 4181 350 4230 iu
365 4178 530 4229 sententium
543 4178 696 4240 posuimus,
709 4191 791 4237 parer

830 1829 984 1877 manicesic
998 1828 1269 1892 reddiditLanpius:
1288 1833 1387 1892 „accire

831 1897 958 1946 dicenter
970 1898 1028 1946 sind
1040 1898 1080 1946 die
1097 1897 1252 1948 Thessales:
1262 1901 1336 1950 dena
1353 1903 1389 1948 sir

830 1967 907 2016 halen
926 1965 979 2016 sich
993 1967 1067 2016 sehon
1092 1970 1193 2030 laenas!
1210 1968 1280 2017 wohl
1300 1986 1389 2030 norpr-

830 2036 904 2095 τιλο,
919 2036 999 2084 tndem
1010 2038 1048 2085 sie
1059 2034 1277 2087 ihreSchmneche
1286 2039 1389 2098 Γτιλλιει

830 2109 855 2156 in
874 2108 940 2156 allen
962 2104 1065 2168 iibriprn
1087 2105 1197 2170 Dinyen.
1219 2108 1278 2154 aad
1297 2108 1388 2156 beson-

831 2177 892 2225 derr
907 2175 996 2234 dorin,
1013 2176 1075 2223 ders
1089 2177 1126 2222 ric
1142 2177 1183 2224 ein
1196 2176 1283 2225 Laud
1297 2176 1390 2236 tracen,

833 2245 879 2292 dos
897 2259 925 2292 so
938 2243 1011 2292 leiclt
1027 2242 1201 2293 einzrmekmen
1223 2245 1281 2292 und
1294 2262 1328 2293 :a
1350 2263 1390 2294 rr-

832 2313 909 2363 obern
920 2313 982 2362 ist.“
1003 2314 1062 2362 Vox
1072 2304 1256 2375 ταχινοὶἱωτος
1273 2313 1389 2364 aliunde

832 2382 905 2431 hand
923 2387 1000 2431 nota.
1031 2381 1135 2430 Similis
1150 2383 1390 2434 conformationis
1447 2431 1448 2436 ,

833 2467 886 2501 vox
898 2443 1178 2515 doptcllroroclegitur
1190 2452 1272 2512 Vlll,
1282 2455 1317 2504 74
1329 2453 1390 2518 (ubi
1447 2453 1448 2462 ¹

835 2521 975 2580 cinoth).
991 2521 1044 2580 lx,
1059 2522 1084 2568 4.

870 2586 985 2652 πρῆγμα
998 2578 1034 2635 ἂν
1047 2576 1094 2651 ἦν]
1115 2589 1133 2638 i.
1147 2605 1171 2638 e.
1189 2605 1242 2637 una
1258 2589 1330 2639 haer
1350 2607 1392 2638 res

834 2660 957 2720 socienda
970 2659 1057 2721 soret,-
1070 2659 1137 2707 nullu
1155 2661 1208 2732 utin
1223 2675 1254 2708 re
1270 2675 1342 2720 opus
1352 2663 1392 2722 sc·

836 2736 889 2790 ret,
910 2729 959 2778 nisi
974 2735 1001 2776 αι
1016 2732 1067 2777 etc.
1104 2727 1149 2776 Ita
1170 2727 1391 2793 Schweighaeu-

838 2813 915 2847 serus
924 2797 950 2845 in
959 2795 1133 2846 uexmerod.
1146 2813 1201 2846 nv.
1213 2797 1265 2857 (11.
1277 2815 1295 2860 p
1314 2799 1392 2860 228).

838 2867 876 2914 Ac
890 2865 989 2914 similia
1003 2863 1129 2929 leguntur
1144 2865 1171 2924 1,
1184 2865 1217 2912 111
1237 2865 1303 2930 (ubi
1316 2867 1392 2918 conl.

838 2935 933 2998 nott).
944 2937 1004 2986 207.
1023 2935 1114 2998 ipsam
1129 2938 1202 2998 regis
1217 2937 1393 2986 sententiam

837 3003 906 3053 hano
920 3019 980 3054 esse
996 3004 1161 3064 putaverim:
1177 3003 1296 3053 fluvium
1314 3007 1394 3056 incili

837 3089 921 3138 opera
939 3075 966 3121 in
989 3071 1182 3122 Thessalorum
1207 3078 1317 3123 terram
1346 3079 1394 3124 im-

838 3144 908 3191 mitti
928 3158 1023 3206 posse,
1046 3143 1070 3191 si
1093 3157 1192 3206 aggere
1216 3143 1336 3194 obiecto
1363 3161 1394 3194 er

837 3213 891 3262 illis
906 3211 1031 3261 laticibus
1051 3215 1123 3262 retro
1142 3211 1244 3261 ductus
1260 3214 1289 3262 in
1308 3214 1396 3262 nlirrm

837 3287 919 3346 atque
942 3296 1018 3342 eum,
1041 3296 1118 3345 quern
1134 3295 1206 3330 nunc
1222 3281 1329 3340 habet,
1359 3282 1397 3330 al·

836 3366 934 3412 veum,
952 3351 1125 3410 deflectetur3
1142 3351 1181 3398 ita
1195 3356 1227 3399 ut
1240 3351 1325 3402 fluvii
1339 3353 1397 3403 exi-

838 3426 867 3468 tu
883 3421 909 3468 in
930 3420 1001 3468 lmnc
1014 3420 1121 3469 modum
1136 3419 1285 3470 obstructo
1304 3423 1397 3470 omnis

838 3489 983 3539 Thessalia
998 3489 1094 3552 plana,
1115 3489 1256 3538 montibus
1270 3491 1398 3543 inclusa.

839 3559 917 3622 aquis
933 3558 982 3607 liat
998 3557 1128 3608 demersa.
1160 3558 1242 3612 Coni.
1257 3561 1399 3610 Vnudon-

839 3632 924 3678 court.
939 3627 983 3679 1,1,
998 3643 1059 3691 pap¹
1070 3627 1131 3678 341.
1151 3628 1205 3688 Qui
1218 3629 1295 3678 enim
1311 3639 1398 3694 ponte

842 3699 966 3746 iunxerat
1000 3695 1207 3760 Hellespontum
1242 3699 1399 3766 Athonqne

843 3765 976 3830 perfodit,
990 3766 1013 3814 is
1026 3764 1199 3815 Thessaliam
1214 3783 1332 3834 quoque
1349 3787 1398 3834 ag-

842 3851 905 3900 gere
919 3835 1036 3884 obducto
1055 3835 1181 3884 inundari
1201 3852 1287 3900 posse
1305 3845 1398 3888 totam

843 3903 1027 3955 existimabat.
1042 3903 1158 3952 Verbum
1170 3896 1287 3966 ἐφιέναι
1304 3923 1328 3957 s.
1339 3901 1398 3957 ἔπι.

842 3973 902 4022 έναι
917 3973 1010 4022 codem
1026 3973 1104 4021 modo
1119 3979 1147 4022 et
1159 3973 1325 4038 significatu
1341 3979 1399 4042 (ia-

842 4043 964 4107 mitteudi)
976 4043 1109 4106 reperitur
1122 4043 1194 4104 Vll,
1212 4045 1263 4094 lili
1277 4047 1347 4095 coll.
1366 4049 1398 4106 V,

843 4112 884 4162 63.
903 4111 1015 4172 111,411.
1060 4111 1399 4175 Verbumrrcpurpa'rrers

843 4180 988 4242 defluvio,
1008 4181 1054 4246 qui
1070 4181 1123 4229 elio
1138 4181 1279 4244 flectitur,
1299 4192 1398 4235 exstat

251 4261 279 4296 re
303 4249 374 4298 nobis
396 4263 444 4297 noa
472 4261 526 4294 esre
551 4246 728 4310 intelligenter,
753 4245 791 4296 nil
842 4249 910 4304 VII,
930 4250 986 4302 128.
1026 4251 1124 4314 ltaque
1140 4251 1173 4299 nd
1195 4251 1283 4301 rerba
1302 4270 1397 4316 παρα-

252 4317 326 4366 aliud
343 4317 461 4382 positum
480 4313 640 4380 oportebat,
666 4315 719 4364 nisi
741 4332 790 4364 mu·
841 4315 983 4380 τρέψαντα
998 4305 1088 4366 διἀἷν
1101 4317 1231 4384 supplere
1246 4331 1397 4385 praestat:
