3038 4994
552 345 731 414 ERATO.
754 347 810 415 v1.
833 355 878 417 37.
1220 349 1282 420 269

149 527 293 614 τρίψειν.
329 524 560 611 πλανωμένων
583 521 620 592 oi
641 529 709 593 τῶν
722 529 962 614 Λαμψακηνῶν
979 527 1016 594 ἐν
1036 537 1121 596 τοῖσι
1143 521 1281 612 λόγοισι,

149 709 243 781 ὥσπερ
259 714 305 768 καί
321 710 351 766 ἐν
364 715 460 786 Λέσβῳ
476 707 691 783 ἐμπρησθέντος
742 720 837 772 (lorum
853 727 895 773 est
909 723 937 772 in
953 719 1093 774 Onoiroor.
1109 723 1202 782 11‚25.
1217 738 1281 790 pag.

148 786 199 837 τοῦ
223 785 377 850 Πυρραίων
397 779 486 852 ὄρους
512 787 563 838 τοῦ
586 783 691 840 πιτυιό-
743 791 792 841 leo
810 791 851 842 ed.
872 791 951 842 Reiff.
971 789 1054 849 πίτυς
1073 787 1121 840 καὶ
1141 786 1281 860 στρόβιλοι

148 855 226 916 σονς.
255 857 383 920 „Falsum
397 859 490 924 itaque
503 859 691 926 senis(Greu·
739 853 844 924 ἀνθίας
862 857 910 910 καί
924 857 1017 924 φυγῆς
1035 854 1201 925 σημαντινά.
1226 862 1282 912 Un-

148 933 218 978 τινι·
237 933 301 978 sunt
316 927 399 977 verba
416 929 443 977 iu
457 929 565 994 Fragm.
584 930 688 994 antiqq.
740 931 773 980 de
783 929 901 980 fortasse
914 929 1028 994 colliges
1041 931 1127 982 inisse
1140 931 1280 996 antiquom

148 997 288 1048 historico.
299 1011 362 1061 pag.
377 997 433 1048 108.
451 997 690 1062 109)i11iusinter-
740 1000 894 1064 opinionem
900 1001 1280 1066 depinuuminselioitote,qusm

147 1068 328 1132 pretationem
348 1081 408 1117 esse
430 1067 691 1118 nemouonintelli-
740 1076 850 1118 secutus
874 1069 991 1120 Croesus
1023 1070 1064 1119 ita
1087 1071 1208 1120 minatus
1234 1071 1278 1119 eit.

148 1137 203 1200 git:
227 1151 294 1188 uera
316 1134 406 1186 adhue
428 1135 523 1196 latuit,
547 1137 601 1186 nisi
619 1138 690 1187 iorte
742 1139 819 1198 Quae
832 1139 1021 1202 interpretatio
1031 1140 1109 1189 sicui
1122 1139 1229 1188 iaoilior
1240 1141 1280 1190 vi-

149 1205 252 1256 Gellius
272 1219 331 1256 eam
349 1209 528 1270 expulsverai
547 1206 607 1256 looo
623 1207 693 1256 inis·
741 1208 837 1257 tleatur
847 1207 893 1256 illa
905 1208 995 1272 priore
1009 1207 1041 1258 de
1053 1209 1194 1274 Ρίιμοέιιο,
1206 1209 1279 1274 equi·

148 1289 207 1340 gro,
216 1275 294 1324 ouius
309 1289 380 1324 nuno
394 1279 500 1325 tantum
510 1276 646 1340 epitomen
655 1275 691 1326 le·
741 1276 801 1326 dem
814 1291 868 1326 nou
881 1277 1069 1341 refragabor.“
1093 1279 1170 1339 Quae
1182 1277 1280 1341 probat

147 1345 246 1409 gimus.
279 1343 370 1405 Quid?
389 1345 414 1393 si
434 1344 534 1396 dixeris
552 1345 690 1408 Croesum,
742 1345 906 1396 Deblmauu.
924 1361 987 1410 pag.
1004 1347 1060 1406 llll,
1076 1347 1154 1396 modo
1170 1363 1203 1396 ne
1216 1347 1279 1396 iude

147 1414 292 1478 antiquum
311 1412 384 1462 urbis
405 1429 502 1464 nomen
521 1420 691 1479 spectantem
739 1415 868 1480 colligas,
886 1415 1026 1464 Herodoto
1049 1415 1182 1465 Charonis
1201 1417 1279 1465 Lam-

150 1482 225 1547 [nam
238 1483 422 1546 Lampsacum
434 1485 589 1548 antiquitus
603 1476 691 1532 Πιτύ-
740 1484 852 1550 pooeeni
870 1484 954 1534 libros
973 1484 1005 1535 de
1023 1484 1176 1548 Lampsaco
1195 1486 1279 1536 inisse

149 1565 239 1600 ουσαν
253 1555 380 1601 vocatam
390 1567 450 1602 essa
464 1559 560 1603 auotor
572 1553 692 1603 eatCha·
741 1560 804 1604 ante
826 1553 931 1604 ‹roulosz
960 1569 1021 1602 nam
1044 1569 1091 1602 eos
1113 1554 1279 1604 Herodotum

149 1636 199 1672 ron
219 1619 438 1685 Lampsacenus,
463 1621 649 1686 appellatione
673 1636 690 1670 a
739 1625 900 1688 cognovisse
925 1629 1057 1688 pernegat
1080 1623 1280 1686 Dablmanons‚

148 1689 222 1740 laeto
236 1691 347 1753 pinnum
366 1691 394 1740 iu
408 1691 470 1742 istis
483 1692 538 1741 oris
557 1695 691 1756 proventu
741 1699 768 1743 et
782 1707 885 1743 summo
900 1692 973 1748 iure,
995 1691 1098 1757 siquid
1114 1692 1193 1742 video
1212 1691 1278 1756 (vid.

150 1761 250 1818 rlnota;
269 1773 318 1808 nee
330 1759 409 1809 valde
419 1760 483 1810 inde
492 1761 632 1824 recedunt,
645 1761 692 1825 qui
740 1763 823 1812 etiam
831 1766 903 1811 nott.
911 1761 946 1810 ad
954 1760 977 1823 Ι,
988 1761 1057 1826 160),
1065 1763 1189 1825 quamvis
1199 1764 1281 1811 aliter

151 1821 289 1877 Πιτύειαν
304 1827 347 1878 vel
364 1823 474 1878 Πιτιὶαν
489 1834 616 1880 vocatam
631 1844 691 1879 sese
741 1836 847 1882 statuat
867 1831 959 1880 Mure:
987 1830 1099 1880 Critical
1123 1829 1228 1896 history
1252 1831 1283 1882 oi

150 1897 226 1948 illam
240 1895 380 1962 narrsutJ,
402 1896 473 1948 hane
490 1900 581 1948 animo
595 1914 691 1950 conoe·
740 1901 786 1951 tlre
800 1900 871 1964 lang.
885 1899 938 1948 aud
952 1898 1052 1950 literat.
1068 1901 1098 1949 oi
1109 1905 1165 1950 ant.
1178 1901 1280 1952 Graece

149 1967 224 2032 pisse
236 1967 411 2031 sententiam,
424 1982 505 2032 quam
516 1967 619 2018 Graece
632 1968 693 2033 qui·
741 1968 848 2019 Volum.
867 1968 916 2020 IV.
937 1983 1001 2032 pag.
1017 1969 1064 2018 lot
1079 1985 1134 2032 seq.
1156 1969 1207 2020 305
1221 1985 1277 2034 seq.

150 2037 210 2085 dom
220 2035 259 2086 sie
270 2037 443 2100 pronunties:
460 2030 637 2085 Πιτυόεσσαν
647 2033 692 2084 πί·
742 2039 802 2088 Ηοο
817 2035 940 2100 equidem
955 2037 1099 2099 adiiciam,
1115 2037 1279 2088 locutionem

150 2119 218 2161 τυος
228 2101 337 2168 τρόπον
347 2095 471 2166 lacerno
485 2105 539 2156 velr
559 2103 693 2154 Πιτυοεσ-
740 2109 839 2172 ipsam,
850 2119 904 2170 qua
917 2109 1037 2154 utentem
1049 2105 1144 2156 Croesi
1153 2109 1280 2158 nuntium

151 2169 257 2237 οηνούς
273 2171 374 2229 πίτυος
388 2169 474 2236 δίκην
487 2163 622 2238 inopino.
642 2174 691 2222 Mi·
740 2173 994 2236 inclinarentur,
1015 2175 1157 2238 postmodo
1174 2175 1201 2224 iu
1219 2191 1280 2239 pro·

151 2245 305 2292 uime'enim
320 2242 410 2306 plaoel
421 2241 538 2293 Bentleii
549 2245 631 2306 totio,
644 2244 692 2308 qui
741 2244 864 2303 verbium
873 2243 976 2293 abiisse
986 2243 1083 2305 videri,
1091 2259 1156 2308 quo,
1164 2244 1280 2308 quiiun·

150 2313 177 2362 in
194 2313 304 2377 Dispnt.
324 2311 357 2360 de
373 2312 460 2376 Epist.
475 2311 612 2362 Phalarin.
629 2327 691 2377 pag.
740 2314 814 2364 <litua
831 2313 963 2378 perirent,
980 2312 1181 2371 iudicarentnr;
1208 2311 1281 2378 quod

151 2381 204 2432 alo
217 2381 291 2446 Lips.
313 2379 378 2444 (vid.
395 2381 533 2446 lientley's
548 2381 692 2432 Abhannll.
741 2385 795 2433 iam
808 2381 971 2433 Eustathius
982 2381 999 2433 l.
1016 2396 1096 2446 supra
1109 2381 1126 2432 l.
1138 2382 1280 2444 iudicavit,

151 2450 197 2500 iib.
210 2449 334 2500 Phalaris
348 2455 400 2501 eto.
415 2466 441 2504 v.
455 2451 546 2501 Wold.
559 2451 689 2504 Ribbeck.
742 2458 825 2516 atque
845 2451 908 2501 inde
925 2453 952 2500 in
965 2449 1103 2501 Phalarid.
1124 2451 1211 2515 Epist.
1231 2452 1281 2501 lx.

151 2535 176 2585 p.
192 2519 356 2584 212—218)‚
370 2523 398 2569 iu
415 2520 512 2585 quibus
526 2520 619 2570 eadem
633 2536 692 2570 sen·
741 2522 855 2586 legitur:
873 2507 905 2577 ὃς
918 2511 1024 2576 αὐτους
1038 2511 1164 2582 ἐντρίψει
1177 2519 1259 2570 πίτυ
1269 2547 1281 2556 -

151 2589 240 2638 tentia
252 2588 365 2652 legitur,
381 2590 496 2653 probare
511 2591 625 2652 studuit,
638 2590 693 2638 He·
743 2605 779 2647 ος
798 2587 915 2653 δίκην,
937 2594 965 2638 et
983 2589 1057 2653 apud
1076 2589 1182 2640 Aeliau.
1198 2591 1230 2640 V.
1245 2589 1281 2640 ll.

150 2659 277 2708 rodotnm
293 2659 344 2708 hoo
363 2659 464 2710 dietum
479 2674 496 2708 o
509 2675 540 2708 se
553 2661 691 2710 inventum
742 2660 794 2720 Vl,
818 2658 863 2710 13:
886 2685 920 2693 —
938 2649 1073 2724 ἐκτρίβων
1093 2652 1160 2715 τούς
1178 2653 1281 2722 τυράν-

152 2725 292 2778 affluxisse
307 2727 421 2789 Croeso,
444 2728 649 2793 habendumque
665 2728 692 2777 id
743 2743 811 2785 νους
831 2726 957 2784 πίτυος
981 2725 1104 2792 <lisinam
1133 2728 1207 2792 apud
1221 2729 1281 2778 Sui-

152 2798 241 2860 ipsum
260 2812 319 2848 esse
344 2799 499 2846 orationum
523 2813 634 2848 numero
657 2797 691 2846 ab
744 2799 805 2848 ‹lam
822 2814 844 2850 s.
860 2812 887 2850 v.
905 2797 1118 2860 Ainnv.·Unde
1133 2799 1169 2846 ad
1185 2813 1279 2862 paroe-

151 2865 290 2916 historiois
315 2866 540 2930 conscriptarum.
583 2868 644 2916 Hoo
668 2868 693 2915 si
742 2867 1108 2934 miograplrostransiit‚qui
1124 2866 1282 2930 proverbia·

151 2934 293 3000 largiaris,
312 2950 366 2985 non
383 2934 520 2986 affluxisse
538 2935 624 2986 solnm
639 2937 694 2986 Ho-
742 2938 794 2988 lem
817 2936 888 2986 hano
906 2934 1071 2990 locutionem
1092 2935 1148 2985 diei
1171 2939 1282 2986 monent

152 3005 263 3054 rodolus
285 3003 416 3054 dicendus
431 3006 496 3068 erit,
517 3005 564 3056 sed
582 3005 693 3056 finxisse
743 2997 789 3055 inl
811 3002 868 3054 τοῖν
889 3001 1032 3062 παντελῶς
1049 2995 1280 3067 ἀφανισθέντων,

150 3073 240 3137 ipsam
253 3072 372 3123 fabulam
388 3073 523 3138 quandam
539 3074 572 3123 de
586 3075 693 3124 tlubita-
743 3081 773 3126 ut
787 3075 860 3140 apud
875 3075 990 3140 Diogen.
1002 3075 1045 3138 ΙΙ,
1060 3074 1093 3124 76
1106 3073 1151 3138 (Τ.
1166 3074 1203 3124 11.
1218 3089 1281 3139 pag.

152 3143 227 3193 tione
250 3142 358 3192 obisols
378 3144 573 3208 Lampsacenis
593 3157 625 3192 ox
644 3143 693 3192 rni-
743 3143 777 3196 30
795 3144 875 3208 Corp.
895 3143 1136 3208 Paroemiograph.
1155 3142 1282 3206 Graeco.)

153 3227 248 3262 narum
264 3211 453 3276 ambiguitate,
469 3211 502 3261 de
515 3227 637 3262 sermone
653 3213 694 3260 in·
744 3213 804 3263 coll.
819 3214 932 3277 Diogen.
947 3213 1005 3274 111,
1022 3211 1065 3262 60.
1083 3213 1210 3273 V11,49.
1232 3213 1282 3262 Zo-

151 3287 194 3332 ter
212 3281 321 3332 eosdem
336 3281 476 3343 instituto,
493 3280 527 3331 de
546 3282 618 3330 senia
632 3296 693 3344 pru·
743 3282 806 3334 uob.
817 3283 850 3342 V,
868 3282 911 3334 ill.
925 3282 1029 3332 Macar.
1041 3281 1104 3342 vll,
1117 3284 1141 3331 7.
1158 3280 1282 3345 Apostol.

151 3351 254 3400 dentis.
284 3348 383 3413 Qualia
400 3352 424 3399 ai
440 3352 474 3400 ab
488 3349 621 3399 historico
633 3364 693 3413 pro·
743 3352 822 3412 xlv,
840 3351 883 3398 24.
919 3351 997 3410 Quae
1015 3351 1218 3414 eumitaaint,
1240 3349 1284 3400 rel

152 3421 226 3471 leuto
240 3420 386 3470 ereduntur
395 3419 520 3484 figmento
534 3418 637 3484 ingenii
650 3416 693 3470 vol
744 3423 854 3484 propter
862 3417 934 3468 hano
945 3417 1141 3482 proverbialem
1151 3419 1231 3469 huius
1244 3419 1282 3468 lo·

151 3489 294 3540 mendacia
309 3490 409 3554 potius,
420 3488 554 3555 equidem,
565 3487 693 3538 utdioam
743 3488 862 3539 untionis
877 3488 932 3536 vim
947 3486 1030 3536 nolim
1045 3486 1111 3538 haee
1127 3489 1187 3554 ipsa
1201 3488 1284 3539 verbe

154 3558 227 3626 quod
238 3559 345 3622 sentio,
359 3573 454 3609 vereor
467 3574 500 3610 ne
516 3572 642 3622 magnam
654 3556 694 3606 hi·
743 3555 844 3613 πίτυος
856 3545 964 3617 τρόπον
975 3546 1128 3618 intolerare,
1136 3551 1282 3622 postlimi-

152 3628 255 3679 sturiae
268 3633 372 3694 partem
386 3627 524 3678 tollamus.
553 3628 648 3692 Neque
661 3643 693 3677 eo
725 3627 828 3694 Ιλησεν
843 3616 857 3674 ὁ
872 3626 995 3689 Κροῖσος
1012 3627 1137 3676 consulto
1155 3629 1283 3693 repetita,

153 3697 296 3748 referenda
309 3703 373 3747 suut
385 3696 466 3748 Gellii
478 3697 627 3759 verbo,sed
641 3695 694 3746 hue
744 3698 851 3757 eiicere,
867 3703 897 3744 ut
909 3695 1114 3760 plooetNabero
1127 3698 1155 3747 iu
1165 3699 1284 3747 Mnemo-

153 3767 259 3832 potius:
284 3765 452 3816 Herodotum
478 3767 506 3815 in
533 3781 565 3816 eo
586 3765 694 3830 lapsum
746 3781 805 3830 syn.
822 3765 1001 3829 lV.pag.2l.

153 3851 224 3897 esse.
239 3835 310 3900 quod
323 3835 559 3886 indicaretsenem
573 3833 648 3884 illum
662 3835 694 3884 de
779 3827 970 3896 πλανωμένων
991 3824 1023 3882 δὲ
1038 3862 1072 3874 -
1090 3824 1120 3882 ἐν
1144 3836 1216 3883 τοῖσι
1240 3827 1284 3882 lo'·

150 3909 213 3969 pinu
224 3905 429 3958 verumdixisse
446 3899 489 3970 (τὸ
501 3895 569 3968 ἐόν).
597 3905 695 3968 ltaque
713 3889 725 3912 ⁸
744 3901 838 3969 poros]
860 3904 878 3954 i.
892 3919 916 3954 e.
934 3919 986 3954 cum
1001 3905 1170 3967 Lampsaceni
1187 3907 1212 3954 in
1229 3919 1284 3954 rer-

153 3972 226 4024 haud
239 3975 297 4026 seio
318 3989 353 4025 au
374 3974 419 4025 ille
433 3973 485 4024 hoo
501 3973 611 4038 quidem
633 3971 695 4022 loeo
744 3973 853 4024 aeonibus
868 3989 889 4024 s.
907 3975 1018 4023 consiliio
1029 3977 1083 4024 auis
1096 3975 1186 4024 incerti
1194 3973 1284 4022 boere-

154 4043 285 4108 abreptus
297 4043 450 4108 eupiditate
459 4041 638 4094 convincendi
648 4041 694 4090 ad·
744 4051 801 4093 reni
823 4060 844 4094 s.
860 4046 1019 4107 slrretunrenl.
1056 4043 1158 4094 nedem
1181 4041 1284 4091 loeutio

155 4113 269 4164 versarii
281 4113 376 4178 Boylei
389 4113 499 4164 nimium
512 4111 639 4161 tribuerit
648 4111 696 4160 isli
745 4114 783 4174 ll,
798 4113 854 4164 lib.
878 4113 942 4162 Mox
955 4103 987 4160 τὸ
997 4104 1075 4161 θέλει
1088 4126 1188 4173 omnes,
1200 4125 1285 4175 quan·

156 4182 343 4233 observationi
358 4181 392 4232 de
403 4180 575 4232 orationibus
589 4181 696 4236 histori·
746 4187 803 4232 tum
814 4184 880 4244 seio,
891 4181 952 4230 libri
962 4182 1067 4246 scripti,
1076 4195 1143 4245 quos
1151 4177 1285 4242 schweig.

157 4267 258 4304 eorum.
279 4251 349 4302 lllud
362 4253 479 4318 deniqne
491 4250 541 4301 bno
553 4251 644 4300 lacere
657 4249 697 4298 vi·
746 4251 841 4304 haene.
853 4251 1026 4302 etGaisiord.
1037 4251 1125 4301 secuti
1135 4253 1207 4298 enni.
1227 4248 1286 4298 Ste-

157 4321 249 4382 detnr,
264 4335 281 4370 υ
296 4321 416 4386 nemine,
431 4320 502 4387 quod
516 4320 616 4380 seiam,
634 4319 696 4369 buio
748 4321 852 4386 phanes
876 4335 908 4370 ex
928 4320 1100 4381 coniectura,
1119 4317 1285 4381 uiridem,

157 4389 220 4441 loeo
234 4389 396 4453 adhibitum,
412 4390 484 4458 quorl
497 4389 571 4456 spurl
583 4389 697 4440 Artemi·
748 4390 836 4442 edidit
854 4389 889 4440 τί
905 4386 997 4452 θέλει,
1015 4387 1101 4456 quod,
1121 4388 1190 4439 alios
1202 4393 1233 4439 ut
1246 4393 1286 4442 ta·
