2986 5014
229 303 289 370 tto
618 309 885 374 nxounsus
908 311 966 372 ιιι
1055 263 1071 364 s

229 485 282 556 ipsi
299 484 384 538 fundo
399 484 501 555 quippe
516 483 671 555 impositum
686 491 714 538 et
729 485 769 552 ei,
785 487 832 556 qui
848 485 963 539 fundum
978 485 1154 556 possideret,
1177 485 1395 556 pendendum:

229 570 302 640 quod
318 571 414 623 tributi
429 587 518 638 genus
534 588 608 622 narro
623 577 736 623 vocatur
754 573 951 639 Grundsteuer,
968 571 1155 626 introductum
1174 572 1246 624 illud
1265 573 1392 641 quidem

229 656 256 708 in
273 656 399 708 omnibus
413 657 471 709 sere
489 661 601 708 nostrae
616 655 714 708 aetatis
739 657 898 710 civitatibus
920 657 989 708 bene
1012 657 1162 708 ordinatis:
1188 658 1267 726 apud
1291 658 1392 710 Iones

228 740 333 810 primus
355 741 382 794 id
408 741 529 793 instituit
551 739 738 810 Artaphernes
762 742 914 812 meritoque
936 743 1041 793 Noster
1065 741 1093 792 id
1120 742 1220 794 habuit
1245 742 1390 810 dignum,

229 827 303 896 quod
319 825 431 878 disertis
448 826 541 878 verbis
556 826 700 879 indicaret.
746 826 806 878 Hoc
825 845 890 879 vero
905 827 1062 879 institutum
1087 834 1119 878 ut
1139 835 1313 880 servaretur
1335 829 1387 880 ἰιι-

227 921 343 978 tegrum,
359 911 530 980 singulorum
545 912 691 964 fundorum
707 910 832 964 ambitum
848 911 902 964 rinei
916 929 976 964 cum
991 911 1095 964 tributo
1110 913 1268 964 secundum
1285 915 1385 964 ambi-

228 1003 283 1050 tum
299 997 494 1064 constitutoin
512 995 619 1048 tabulas
635 1001 700 1066 (nos
717 1013 860 1049 vocamus:
879 997 1086 1062 Grundduiolrer)
1102 997 1203 1050 referri
1220 999 1384 1068 omniaque

228 1099 260 1134 ea
283 1083 378 1150 peragi
404 1101 519 1136 necesse
543 1089 617 1148 erat,
643 1099 714 1152 (puae
735 1083 807 1150 apud
831 1099 881 1134 nos
907 1083 935 1134 in
956 1081 1058 1134 talibus
1080 1082 1140 1134 fieri
1165 1081 1261 1134 solent
1284 1084 1383 1154 idque

143 1157 148 1166 ⁸
228 1167 468 1238 comprehendunt,
483 1168 557 1238 quod
571 1175 697 1219 vocatur:
709 1171 750 1220 die
762 1169 953 1239 Colustrirung
965 1185 988 1218 s.
1001 1170 1041 1220 dic
1053 1169 1161 1238 Anlnge
1172 1169 1243 1221 eines
1256 1167 1379 1223 Steeer-

226 1261 364 1308 cotosterr.
409 1252 448 1304 Ac
469 1253 597 1304 miramur
614 1269 680 1304 sane
697 1251 762 1304 talia
785 1259 837 1304 tam
854 1261 958 1305 mature
983 1252 1110 1304 aPersis
1133 1253 1162 1304 in
1190 1253 1378 1306 subditarum

227 1339 348 1406 gentium
364 1338 446 1390 terris
470 1338 639 1402 introducta,
664 1337 754 1406 qunlie
771 1337 816 1390 rix
835 1337 888 1390 ulls
905 1338 933 1389 in
949 1337 1074 1402 civitate,
1098 1355 1132 1389 ne
1153 1335 1376 1392 Atheniensium

227 1423 334 1492 quidem
353 1423 380 1474 in
404 1422 543 1492 republica
554 1421 600 1487 *),
622 1421 669 1472 illa
688 1431 762 1474 certe
781 1433 869 1474 aetate
895 1423 1023 1475 instituta
1045 1423 1185 1475 invenias:
1209 1424 1375 1493 meritoque

226 1509 339 1576 primum
372 1509 452 1559 huius
482 1507 579 1560 tributi
609 1507 682 1575 quod
714 1508 822 1560 omnino
850 1509 987 1576 reperitur
1016 1507 1165 1576 exemplum
1189 1509 1376 1576 praedicavit
1461 1575 1462 1580 Ἰ

147 1633 154 1652 .
226 1587 354 1658 ΙΙιιι**).
1461 1581 1462 1590 “

309 1679 369 1730 Hoc
383 1695 449 1740 sero
469 1677 626 1730 institutum
641 1677 801 1730 Herodotus
816 1677 891 1730 addit
912 1681 948 1731 cd
967 1695 1044 1732 eoam
1060 1695 1141 1746 usquc
1157 1689 1276 1734 oetatem
1293 1677 1370 1749 (aiei
1461 1731 1462 1744 ,

223 1759 261 1815 i'u
277 1761 324 1815 eorl
343 1757 370 1825 ἐς
384 1757 441 1835 ἐμὲ)
457 1762 626 1814 obtinuisse:
643 1779 723 1833 quem
744 1769 860 1816 aetatem
882 1763 906 1814 si
927 1764 990 1833 quis
1009 1763 1165 1815 accuratius
1187 1765 1368 1817 constituere

225 1848 299 1915 velit,
315 1867 419 1918 ponere
435 1848 527 1900 licebit
541 1847 607 1899 illud
625 1855 741 1916 tempus,
757 1865 812 1918 quo
828 1849 934 1901 Noster
948 1849 1094 1901 itineribus
1117 1849 1200 1900 lectis
1216 1849 1366 1902 Graeciam

225 1933 337 2004 reliquit
351 1933 473 1985 Thurios
492 1934 681 2002 profecturus,
706 1934 733 1984 id
750 1939 793 1984 est
812 1949 912 1985 anuum
929 1937 980 1986 444
1003 1942 1067 1986 ante
1082 1933 1147 1984 Chr.
1164 1951 1210 2000 n.;
1234 1935 1365 2003 equidem

224 2018 251 2070 id
267 2025 374 2088 tempus
387 2019 487 2094 respici
504 2017 599 2082 malim,
616 2035 670 2087 quo
684 2019 789 2070 Noster
802 2017 917 2070 Thuriis
933 2025 976 2070 est
993 2027 1183 2085 commoratus,
1200 2017 1230 2070 in
1244 2019 1364 2072 historia
1384 2059 1390 2068 .

225 2103 423 2156 conscribenda
435 2104 565 2156 continuo
579 2109 728 2172 occupatus
744 2119 832 2172 usque
845 2103 964 2155 advitae
981 2105 1073 2156 linem:
1090 2104 1162 2156 hunc
1177 2111 1268 2159 autem
1289 2103 1364 2157 sitae

224 2189 320 2256 linem,
336 2206 414 2260 quem
435 2205 522 2260 usque
543 2189 576 2240 ad
597 2205 696 2240 annum
712 2190 763 2241 408
781 2185 1200 2256 prorogavit‚l)eh1manni***)
1218 2190 1363 2241 sententia

223 2273 397 2328 vix¹extendi
413 2291 496 2341 posse
514 2273 651 2343 usquead
667 2275 832 2331 annum413
850 2280 913 2326 ante
930 2273 995 2325 Chr.
1015 2292 1042 2326 n.
1059 2273 1212 2326 monuimus
1234 2274 1263 2325 in
1289 2283 1361 2326 nott.

223 2359 256 2412 atl
272 2359 334 2424 Vll,
352 2362 402 2412 170
417 2358 477 2410 coll.
495 2359 529 2411 ad
545 2359 576 2424 V,
594 2361 627 2412 76
640 2365 667 2409 et
683 2359 729 2424 Vl,
745 2359 793 2411 98:
809 2358 882 2410 unde
897 2359 1033 2426 sequitur,
1049 2359 1131 2410 hocce
1143 2357 1278 2410 tributum
1297 2359 1362 2412 inde

223 2442 256 2494 bb
272 2461 343 2496 anno
364 2448 416 2498 492
437 2445 517 2496 ferme
540 2461 628 2512 usque
645 2443 678 2494 ad
696 2460 795 2494 annum
816 2445 954 2496 413-420
973 2451 1035 2496 ente
1051 2445 1117 2496 Chr.
1143 2461 1169 2494 n.
1189 2443 1362 2497 immutatum

222 2529 357 2581 mansisse
373 2531 497 2598 adeoque
512 2529 590 2582 etiem
606 2547 655 2598 per·
667 2527 716 2580 hos
732 2545 820 2580 annos
836 2527 929 2580 Persis
945 2527 1064 2582 solutum
1079 2529 1167 2580 luisse
1184 2531 1217 2580 ab
1231 2529 1359 2588 Ionibus.

223 2631 293 2683 quos
310 2632 359 2684 per
375 2615 425 2666 hoc
440 2614 509 2668 idem
527 2625 634 2684 ternpus
651 2613 797 2666 Persarum
817 2613 929 2680 imperio
943 2613 1070 2666 subditos
1088 2613 1178 2682 n'eqne
1195 2631 1317 2683 nnqnem
1330 2617 1355 2666 in

222 2699 375 2752 libertatem
400 2699 553 2752 vindicatos
575 2717 637 2752 esse
659 2697 765 2750 credas.
811 2699 912 2749 Obstat
933 2715 1000 2750 sane
1025 2701 1137 2753 timonis
1160 2717 1232 2768 qnae
1255 2699 1356 2750 dicitnr

220 2803 286 2856 pras,
302 2784 476 2837 Plutarchum
492 2785 559 2856 (vit.
577 2785 682 2836 Cimon.
702 2783 747 2850 13)
765 2781 789 2836 si
807 2783 954 2853 sequimur,
971 2784 1039 2836 inita
1054 2801 1126 2836 anno
1141 2786 1193 2837 ooo
1209 2793 1274 2836 ante
1289 2785 1351 2836 Chr.

222 2889 249 2924 n.
276 2875 339 2938 post
360 2886 478 2938 pugnam
505 2870 538 2920 ad
564 2868 793 2935 Eurymedontem
818 2869 998 2936 commissam,
1020 2869 1168 2922 Diodorum
1191 2867 1270 2938 (ΧΙΙ,
1287 2869 1352 2926 liei

222 2954 363 3025 sequimur
378 2960 523 3018 auctorem,
538 2970 611 3004 enno
628 2956 679 3006 446
698 2959 762 3006 ante
778 2953 843 3006 Chr.
861 2973 888 3005 n.
904 2953 982 3005 brevi
997 2961 1062 3006 aute
1084 2954 1207 3028 Cimonis
1229 2961 1354 3006 mortem:

222 3057 276 3109 (quo
288 3055 354 3106 pace
372 3043 478 3089 cautum
496 3055 558 3089 esse
574 3037 696 3106 trndnnt,
712 3043 744 3092 ut
762 3057 854 3092 omnes
872 3039 1038 3091 Graecorum
1055 3039 1182 3090 civitates
1199 3057 1249 3108 per
1266 3039 1355 3092 Asiam

221 3124 265 3176 sui
286 3127 381 3174 essent
402 3121 472 3173 iuris
493 3115 686 3192 (αὐτόνομοι),
702 3141 792 3196 neque
807 3125 953 3177 Persarum
969 3125 1088 3194 satrapis
1112 3122 1208 3175 liceret
1231 3123 1266 3175 ad
1282 3142 1352 3178 mare

221 3208 388 3260 descendere
402 3207 483 3260 trium
500 3207 603 3260 dierum
619 3209 718 3260 itinere
732 3209 859 3262 inferius.
904 3209 964 3260 Hoc
986 3210 1010 3261 si
1034 3225 1128 3261 verum
1144 3215 1202 3276 est,
1224 3209 1270 3260 vir
1288 3228 1353 3262 rere

220 3311 283 3346 esse
299 3309 392 3361 posse,
409 3309 479 3360 qnae
495 3293 654 3346 Herodotus
669 3294 762 3360 tradit,
779 3293 858 3346 facile
874 3293 1047 3362 intelligitur,
1064 3292 1184 3363 indeque
1200 3293 1352 3361 Kortrim†)

220 3377 325 3430 remita
340 3377 469 3447 expedire
485 3379 588 3446 maluit,
606 3389 636 3430 ut
650 3380 791 3446 tributum,
812 3378 893 3449 quale
905 3379 939 3429 ab
956 3379 1127 3447 Artapherno
1142 3379 1228 3430 luerit
1242 3377 1350 3448 imposi-

218 3469 285 3530 tum,
300 3462 353 3515 tale
369 3480 480 3533 quoque
497 3465 631 3518 mansisse
647 3469 789 3530 statueret,
808 3482 866 3517 cum
884 3465 965 3516 Iones
981 3462 1126 3516 Persarum
1146 3463 1213 3530 iugo
1235 3481 1350 3516 excusso

218 3547 297 3601 liberi
313 3555 408 3600 essent
422 3551 487 3602 lacti
499 3557 527 3603 et
541 3551 649 3621 quidem
662 3549 708 3614 its,
726 3555 756 3600 ut
767 3549 840 3620 quod
854 3553 935 3601 antea
948 3548 1043 3600 Persis
1055 3548 1174 3600 solutum
1187 3557 1270 3612 esset,
1285 3549 1350 3601 idem

220 3633 433 3687 Atheniensibus
450 3636 492 3688 vel
508 3637 600 3705 potius
618 3634 723 3686 Atticae
735 3634 870 3700 societati,
888 3633 914 3685 in
928 3651 1006 3702 qnam
1020 3633 1102 3686 lones
1119 3632 1222 3701 recepti
1238 3634 1348 3699 suerint,

220 3737 294 3771 nune
315 3718 385 3770 solvi
412 3728 567 3790 oporteret:
595 3737 674 3789 quam
700 3719 753 3774 loci
775 3719 937 3788 expediendi
965 3720 1095 3771 rationem
1121 3719 1190 3787 ipsis
1217 3719 1348 3771 Herodoti

220 3804 312 3857 verbis
338 3821 427 3874 neque
454 3805 588 3858 contineri
616 3821 705 3874 neque
731 3804 850 3874 permitti
876 3811 1040 3856 monuerunt
1062 3804 1094 3856 C.
1112 3805 1146 3854 0.
1164 3803 1346 3870 ltlueller††),

219 3921 413 3932 ...u-*-

288 3979 315 4042 ΙΙ)
331 3981 386 4032 vid:
400 3977 519 4031 Boeckh.
537 3977 764 4030 Stantehauslmlt
779 3979 804 4029 d.
821 3977 919 4029 Athen.
937 3979 959 4030 ΙΙ
976 3993 1000 4042 p.
1018 3977 1069 4028 662
1082 3993 1139 4041 seq.

288 4049 332 4116 **)
349 4048 491 4102 Lebrbnch
512 4045 536 4097 d.
558 4048 695 4113 politisch.
715 4050 883 4100 Oekonomie
904 4048 960 4112 111,
985 4049 1000 4096 2
1025 4045 1346 4112 (Piuanzwissenscheit)

218 4137 244 4187 p'
260 4121 349 4250 mulli
363 4117 550 4250 iiilhlingg.
567 4191 619 4237 ιιι.
640 4187 661 4236 1.
677 4203 702 4251 p.
717 4189 760 4239 oc.
773 4189 813 4250 ιι,
832 4190 855 4240 1.
869 4203 932 4253 pag.
945 4187 989 4236 ιι.

286 4259 316 4324 †)
335 4261 388 4341 pur
402 4255 557 4306 Geschieht.
575 4256 681 4306 Hellen.
693 4259 906 4311 Stanteverlass.
920 4253 1100 4340 (Heidelberg
1117 4251 1193 4317 1821)
1209 4270 1233 4318 p.
1248 4253 1344 4319 50seq.

216 4323 1223 4464 ⁰⁰¹¹‘·†‡3'¹tt¹³tttll,⁸tl⁶l:2:hleilllfllhttlttffn.
