3038 4994
528 349 708 416 banuo.
738 347 793 416 vt.
815 363 857 420 en.
880 365 924 418 re.

1232 351 1292 420 273

172 525 246 598 ἄλλα
265 534 330 600 τοῖν
346 531 555 619 κατεχόντων
570 529 776 619 πρηγμάτων
790 528 1014 618 χαλεπώτερα.
1038 533 1139 620 τρίτῳ
1153 525 1215 618 μὲν
1229 529 1292 620 γὰρ

169 640 230 702 ἔτεϊ
240 635 364 704 τούτων
376 634 518 716 Σκύθας
533 636 708 722 ἐκφεύγει·
736 635 875 704 Σκύθαι
890 632 954 723 γὰρ
975 639 1009 704 ol
1020 631 1163 718 νομάδες
1178 637 1290 722 ἐρεθι-

165 863 261 929 legisse
270 868 372 925 tradatr
388 867 541 918 Miltiadem
552 866 622 916 enirn
632 865 697 914 Gro-

165 939 188 984 te
206 936 339 986 existimat
358 938 429 988 hand
451 939 558 988 diutius
574 937 697 1002 potuisse

165 1004 189 1052 ia
203 1003 365 1057 Chersoneso
378 1023 497 1066 manere,
512 1022 573 1056 cum
584 1006 697 1055 lenibus

99 1093 107 1108 ·
164 1073 299 1125 consilium
319 1077 438 1127 dedisset
460 1079 552 1142 pontis
572 1075 698 1124 solvendi

163 1143 275 1197 (Herod.
295 1147 345 1208 1v,
367 1145 431 1210 137)
453 1161 540 1211 eoque
555 1147 696 1196 Persarum

162 1211 246 1262 odium
261 1219 287 1264 in
302 1233 330 1267 se
345 1218 538 1266 convertisset.
574 1216 630 1264 Nos
650 1215 697 1262 ad-

162 1283 294 1349 iieisrnns,
317 1302 384 1350 qnae
398 1287 430 1336 de
449 1287 511 1335 loeo
526 1285 621 1349 utiquc
643 1299 696 1332 non

160 1354 225 1404 satis
237 1355 362 1418 expedito
382 1355 444 1406 olirn
462 1353 579 1420 protulit
599 1371 631 1404 ae
645 1369 695 1402 me-

159 1438 216 1472 cum
228 1425 439 1476 communicavit
455 1426 496 1474 vir
508 1424 695 1474 nobilissimus

159 1491 277 1558 idemque
291 1494 464 1545 doctissimus
481 1495 563 1544 Liber
578 1495 649 1542 Baro
664 1493 697 1541 de

158 1561 341 1626 Reieeustein,
361 1565 448 1628 quiin
466 1563 601 1613 Badarum
615 1563 696 1613 rebus

125 1663 139 1692 .
158 1633 282 1695 regundis
304 1649 434 1683 summum
458 1649 474 1682 a
494 1634 617 1697 principe
636 1637 696 1696 ipse

158 1703 327 1753 serenissimo
352 1704 510 1752 obtinuerat
534 1702 632 1752 lecum.
667 1701 703 1750 Is·

156 1771 238 1820 rerba
257 1765 290 1820 sd
307 1769 462 1836 κατέχοντα
479 1765 629 1835 πρήγματα
641 1787 696 1820 non

156 1839 235 1890 aliter
261 1841 367 1907 quidem
393 1857 425 1891 ec
447 1841 646 1906 Wesselingius
670 1847 697 1890 et

156 1909 426 1976 Schweighaeuserus
447 1913 537 1976 accipi
553 1913 626 1973 vult,
648 1912 696 1961 sed

157 1979 223 2029 bene
236 1997 268 2030 ea
280 1981 411 2046 distingui
426 1995 442 2030 a
455 1981 592 2046 prioribus
606 1981 696 2040 rebus,

155 2048 190 2098 ab
203 2050 237 2098 iis
252 2051 328 2112 scil,
342 2065 410 2116 quas
425 2056 488 2115 post
501 2051 645 2099 nomadum
655 2051 696 2098 in·

155 2121 307 2170 cursionem
316 2121 400 2170 redux
411 2120 502 2171 lactus
513 2121 631 2182 invenit,
644 2125 697 2168 ter-

155 2204 212 2237 ram
228 2189 287 2240 dice
297 2205 314 2239 a
326 2190 449 2240 barbaris
459 2196 596 2240 vastatam
608 2205 641 2237 ac
652 2187 697 2236 de-

155 2258 288 2322 solatam,
310 2275 379 2324 quae
401 2261 539 2310 revocatis
561 2257 698 2324 prioribus

158 2328 254 2379 incolis
264 2329 308 2380 vel
317 2345 412 2380 recena
420 2331 540 2380 inductis
547 2327 652 2378 celenis
663 2324 698 2374 ad

156 2399 270 2460 priorem
284 2400 357 2449 tloris
378 2405 479 2448 statum
496 2397 652 2450 revocanda
672 2411 698 2444 e-

155 2473 214 2526 rat;
243 2483 313 2534 qnae
330 2473 481 2533 sequuntur
503 2469 587 2521 rerba
612 2464 696 2531 τρίτῳ

155 2529 206 2600 pir
220 2531 270 2602 γὰρ
285 2531 341 2586 ἔτεϊ
353 2553 377 2585 κ.
389 2553 412 2585 τ.
431 2537 454 2588 l.
470 2553 556 2602 nsque
570 2537 604 2586 ed
616 2537 696 2585 finem

155 2607 255 2671 cepitis
282 2609 427 2658 interiecta
451 2607 577 2658 videnter
602 2605 637 2657 ad
664 2619 697 2654 ea

155 2677 322 2740 enarranda,
340 2693 409 2741 qnae
424 2677 457 2726 eb
476 2676 537 2728 illas
553 2677 627 2742 ipsas
643 2690 696 2738 res,

154 2745 311 2810 quasillum
327 2761 408 2811 qnam
420 2748 535 2797 maxime
549 2746 695 2806 tenuerint,

154 2815 314 2866 acciderint.
338 2816 502 2866 Adverbiam
514 2812 612 2864 νεωστί
625 2816 695 2864 idem

153 2886 197 2935 vir
213 2885 406 2949 sagacissimus
427 2886 536 2934 minime
557 2885 590 2935 de
610 2886 696 2949 primo

154 2955 289 3004 Miltiadis
307 2954 427 3004 adventu
443 2956 471 3003 in
487 2955 695 3016 Chersonesum,

154 3023 203 3074 sed
220 3025 252 3074 de
265 3025 363 3087 reditu,
377 3025 509 3088 regressis
520 3023 641 3087 Scythis,
658 3025 697 3070 in·

154 3093 243 3157 telligi
255 3093 325 3156 vult,
340 3109 400 3143 cum
413 3093 521 3140 initium
535 3107 597 3154 cap.
608 3091 642 3140 tu
655 3107 697 3140 ar-

153 3171 200 3212 ete
212 3163 356 3213 cobserent
365 3159 407 3224 (ut
419 3159 548 3222 diximus)
561 3173 621 3208 cum
635 3173 695 3221 cap.

155 3233 189 3282 uu
200 3231 247 3282 tin.
262 3234 321 3282 sive
334 3245 394 3281 carn
408 3229 565 3275 narratione
575 3227 607 3274 de
617 3225 699 3274 Cher-

156 3303 246 3351 sonesi
258 3301 370 3350 urbibus
380 3295 543 3345 Phoenicum
555 3293 642 3342 classe
652 3309 699 3342 ex-

156 3373 293 3435 pugnatis,
306 3367 397 3418 adhue
410 3360 500 3428 (μέχρι
511 3357 584 3424 τότε)
599 3360 700 3408 Miltia-

156 3441 197 3489 dis
212 3440 324 3504 imperio
346 3432 480 3494 subditis,
500 3431 546 3496 qui
564 3444 617 3478 nen
633 3427 701 3477 mul·

157 3514 212 3558 tam
226 3515 289 3558 autc
305 3505 471 3556 Phoenicum
487 3503 634 3551 adventurn
646 3498 701 3558 (νε-

157 3575 236 3640 ωστὶ)
249 3591 309 3627 cum
325 3591 356 3624 eo
371 3572 506 3634 rediisset,
521 3567 605 3619 multa
618 3566 700 3616 offen·

157 3649 198 3696 dit
222 3641 272 3710 (τὰ
290 3643 444 3708 κατέχοντα
463 3635 645 3704 πρήγματα),
671 3635 699 3684 iu

157 3715 256 3780 quibas
268 3713 397 3765 curandis
411 3711 452 3760 rel
466 3712 606 3774 graviore,
622 3704 700 3769 γαλε-

158 3779 270 3846 τττύτερα
288 3781 448 3847 (adrentum
468 3780 529 3830 dico
541 3777 638 3827 elassis
654 3774 701 3822 ho-

158 3854 239 3910 stilis,
247 3868 300 3917 qua
309 3852 400 3912 lugam
412 3855 503 3914 petere
513 3851 625 3897 coactus
636 3841 700 3906 est),

158 3921 395 3985 superveniebant.
418 3919 496 3969 Unde
510 3916 643 3980 sequitur,
657 3928 700 3961 eo·

160 3991 219 4040 dem
238 3991 297 4040 viro
318 3993 458 4049 monente,
477 3985 640 4051 Scytharum
661 3982 701 4028 in·

159 4061 312 4108 cursionem
330 4059 413 4108 tertio
430 4061 492 4107 ante
510 4052 643 4104 Miltiadis
658 4049 700 4098 iu-

159 4144 220 4192 gem
237 4127 350 4178 alteram
371 4143 442 4176 anne
460 4131 487 4177 et
507 4121 625 4175 seeundo
637 4123 702 4167 ante

162 4197 284 4247 Miletum
302 4199 425 4260 captam,
448 4203 547 4246 octavo
568 4189 610 4240 vel
630 4201 702 4237 nono

161 4266 301 4316 declinere
312 4267 394 4328 igitur
406 4281 479 4314 anne
494 4269 556 4329 post
568 4259 645 4309 Darii
659 4273 703 4306 ex·

161 4335 326 4398 perditionem
337 4335 479 4384 accidisse.
501 4329 617 4394 Quodsi
632 4342 704 4377 sum-

163 4405 259 4468 pseris,
273 4403 316 4453 rel
333 4403 427 4452 melius
442 4403 565 4468 singulas
578 4414 621 4450 res
640 4411 704 4449 cen·

197 4505 361 4550 HERODOT.
383 4506 431 4550 111.

748 867 842 916 venire
864 869 951 929 patet.
983 867 1080 928 ltaque
1093 867 1229 919 Miltiadis
1248 868 1292 918 lu-

747 952 825 1002 gam,
840 951 901 985 eum
916 935 1035 1000 Scythae
1054 939 1173 1004 ingressi
1189 945 1291 1001 essent,

748 1009 818 1055 idem
846 1004 891 1053 ille
919 1007 997 1069 penit
1023 1011 1105 1059 tertie
1129 1001 1200 1059 annet
1217 1025 1290 1058 enno

747 1091 829 1141 quam
844 1073 965 1126 Atlreuas
984 1075 1111 1139 redierit3
1132 1085 1213 1144 atque
1229 1095 1290 1128 curn

747 1145 865 1211 Scythas
896 1146 923 1193 in
941 1144 1110 1197 Chersoneso
1132 1149 1199 1198 duos
1217 1155 1290 1200 certa

746 1231 833 1265 annos
847 1215 980 1264 mansisse
990 1216 1131 1280 probabile
1140 1218 1185 1279 sit,
1194 1221 1290 1267 tertie-

747 1301 797 1350 que
823 1285 928 1333 dcmum
948 1285 1100 1337 Miltiadem
1123 1303 1141 1335 a
1158 1286 1290 1337 Doloneis

747 1356 901 1416 relectum,
918 1353 964 1406 ille
981 1354 1088 1421 aliquot
1104 1355 1203 1406 abhinc
1217 1372 1290 1406 rnen·

746 1426 821 1476 sibus
841 1419 962 1490 (νεωστί,
977 1425 1069 1490 nuper)
1087 1427 1232 1477 advenisse
1250 1427 1290 1476 vi-

747 1497 841 1558 detur,
863 1511 924 1545 cum
944 1496 1026 1546 rebus
1045 1512 1118 1547 nene
1136 1498 1289 1546 tractandis

745 1565 789 1614 vel
811 1565 970 1630 graviores,
992 1567 1107 1618 classem
1125 1560 1289 1618 Phoenicum

747 1635 808 1684 dice
840 1637 1091 1701 supervenientem,
1127 1637 1289 1703 inciderent,

747 1705 844 1768 quibus
863 1709 893 1754 ut
908 1704 1030 1757 Athenas
1048 1707 1208 1773 confugeret
1229 1723 1289 1758 cea·

745 1780 871 1826 ctuscst.

780 1841 864 1909 τρίτῳ
880 1834 936 1890 ἔτεϊ
951 1836 1074 1908 τούτων]
1102 1835 1212 1893 τούτων
1227 1845 1289 1896 dedi

746 1928 794 1977 pro
809 1907 941 1960 τουτέων,
954 1939 989 1949 -
1004 1913 1090 1974 ,,Ηοο
1109 1929 1200 1978 perse
1215 1917 1288 1979 posi-

747 1989 805 2032 tum
827 1985 937 2045 peterat
959 1983 1032 2029 tertio
1048 1989 1107 2043 post
1121 1999 1187 2032 anno
1206 1987 1289 2046 signi·

746 2051 838 2112 ticare,
865 2050 938 2096 sieut
960 2046 1082 2115 δευτέρῳ
1099 2044 1156 2098 ἔτεϊ
1179 2048 1289 2098 τούτων

747 2135 809 2182 cap.
819 2120 866 2176 463
883 2117 930 2166 sed
945 2133 977 2168 ex
988 2117 1127 2166 adiunctis
1140 2117 1193 2172 b.l,
1206 2119 1289 2170 facile

748 2192 877 2252 apparet,
903 2190 977 2235 tertio
1000 2195 1060 2235 ante
1078 2201 1144 2234 anne
1164 2187 1289 2252 intelligi,

748 2257 819 2322 quod
834 2257 921 2320 ipsum
936 2269 1042 2318 qnoque
1055 2269 1117 2302 mex
1133 2255 1161 2303 ln
1173 2253 1224 2303 fine
1240 2256 1289 2306 hu-

747 2329 790 2376 ius
809 2341 870 2389 cap.
893 2323 996 2373 diserte
1014 2322 1183 2386 declaratur,
1204 2325 1289 2390 τρίτῳ

747 2390 804 2446 ἔτεϊ
823 2384 963 2458 πρότερον
981 2389 1039 2439 ταῖν
1057 2384 1119 2441 τότε
1139 2406 1189 2455 μιν
1210 2407 1289 2441 κατε-

748 2458 888 2530 privamur*
914 2461 1085 2527 Schrreiylr.
1114 2462 1289 2512 add-Koch·

748 2551 796 2586 ner
811 2534 858 2584 Gr.
872 2532 917 2582 Gr.
936 2535 961 2596 ξ.
980 2534 1031 2584 514
1047 2537 1074 2582 et
1095 2532 1132 2584 ci.
1150 2532 1289 2582 Weissen-

747 2606 828 2656 born:
847 2601 941 2654 Hellss
958 2617 1019 2668 pag.
1033 2603 1067 2652 ua
1086 2617 1144 2668 seq.
1176 2601 1289 2666 Probat,

747 2677 826 2726 cuius
840 2672 918 2723 modo
932 2673 1014 2722 attuli
1027 2673 1289 2740 interpretationem,

746 2747 828 2796 Liber
841 2745 914 2793 Baro
927 2743 960 2794 de
975 2743 1160 2794 lteiaenstein.

781 2805 901 2871 Σκύθας
912 2803 1054 2880 ἐκφεύγει]
1070 2803 1220 2878 „laesores
1231 2813 1290 2865 vul·

745 2902 780 2951 go
798 2885 900 2944 editur3
927 2885 1036 2949 quaesi
1057 2900 1122 2935 vera
1143 2885 1289 2950 scriptura,

746 2955 858 3006 verbnm
890 2945 1039 3018 ἐκφεύγειν
1070 2969 1124 3005 nen
1157 2959 1290 3005 consueta

746 3025 852 3089 alioqui
868 3026 993 3084 notione,
1016 3030 1046 3074 ut
1064 3041 1124 3090 esp.
1141 3025 1176 3076 38
1197 3025 1289 3088 accipi

747 3093 857 3144 debebit
887 3095 955 3159 (nec
984 3095 1054 3142 enim
1079 3095 1130 3144 hoe
1160 3097 1290 3144 admodum

745 3172 898 3226 praecerat,
906 3161 977 3225 qued
985 3161 1102 3224 Scythas
1113 3163 1227 3229 assaph),
1241 3163 1289 3213 sed

749 3223 878 3306 ἐκφεύγει
898 3230 923 3276 h.
945 3229 962 3276 l.
981 3229 1050 3278 idem
1071 3237 1154 3295 atque
1174 3233 1289 3297 simplex

750 3309 848 3358 φευγει
869 3297 993 3354 sonabit,
1018 3299 1054 3344 ed
1070 3301 1219 3363 Scytharum
1243 3302 1290 3350 ad-

749 3371 843 3413 uentum
869 3363 1055 3412 eClrerseuese
1075 3369 1203 3432 prosapie,
1224 3368 1290 3434 sapei

750 3433 854 3479 salacem
868 3438 956 3490 petere
973 3440 1074 3481 coactas
1089 3442 1135 3482 est.
1170 3438 1222 3487 Sed
1238 3439 1290 3487 hac

751 3499 862 3548 notione
887 3497 1007 3558 rectius,
1032 3500 1147 3550 etmihi
1171 3506 1289 3566 videtur,

751 3561 850 3629 ἔφευγε
877 3561 1000 3612 scribunt
1024 3567 1078 3615 due
1100 3569 1192 3628 codd,
1217 3573 1289 3634 qnod

752 3637 835 3686 etiarn
849 3633 927 3683 Valla
940 3647 989 3682 suo
1005 3633 1031 3682 in
1049 3635 1142 3684 codice
1156 3642 1290 3701 reperisse

751 3705 871 3754 ridetur:
890 3707 973 3765 atquc
986 3703 1078 3751 eodem
1092 3703 1172 3752 modo
1185 3721 1245 3754 mox
1258 3705 1291 3754 li-

750 3775 791 3822 bri
812 3785 903 3820 omnes
922 3770 1077 3820 Herodoteo
1096 3786 1168 3821 more
1188 3773 1215 3822 id
1233 3789 1291 3822 ver·

752 3845 814 3891 bum
827 3843 969 3904 repetunt,
983 3833 1103 3898 τούτους
1116 3831 1248 3897 ίτιιύντας
1259 3867 1291 3876 --

752 3904 887 3974 ἔφευγε.“
913 3909 1082 3975 Sclreer‘plr.
1124 3909 1201 3970 Quod
1222 3910 1291 3959 San-

752 3981 834 4030 crelti
848 3979 985 4029 tibereum
997 3979 1051 4030 alio
1060 3973 1159 4042 ἔφευγε
1168 3981 1291 4046 praebet,

752 4049 779 4098 id
803 4067 816 4100 c
834 4050 953 4113 proxime
976 4052 1102 4114 sequenti
1120 4044 1218 4114 ἔφευγε
1239 4049 1291 4100 huc

752 4119 913 4169 translatum
937 4120 1059 4170 videtur:
1089 4122 1183 4184 itaque
1210 4119 1291 4170 malui

753 4203 814 4238 cum
831 4193 944 4241 recenti.
963 4189 1023 4238 edd.
1045 4189 1079 4239 ad
1094 4190 1235 4254 vulgatam
1255 4188 1292 4238 le·

753 4259 871 4308 ctionem
885 4247 1012 4322 ἐκφεύγει
1028 4259 1130 4322 redire,
1149 4274 1203 4322 qua
1219 4261 1292 4324 equi-

754 4327 813 4376 dem
838 4327 909 4376 lreud
927 4327 1054 4379 offendor.
1088 4329 1152 4379 Mox
1169 4329 1230 4380 dedi
1244 4327 1292 4398 βα-

755 4391 845 4454 σιλέος
859 4414 907 4463 pro
921 4393 1063 4464 βασιλῆος.
