<?xml version="1.0" encoding="UTF-8"?>
<!DOCTYPE html PUBLIC "-//W3C//DTD XHTML 1.0 Transitional//EN"
    "http://www.w3.org/TR/xhtml1/DTD/xhtml1-transitional.dtd">
<html xmlns="http://www.w3.org/1999/xhtml" xml:lang="en" lang="en">
 <head>
  <title>
</title>
<meta http-equiv="Content-Type" content="text/html;charset=utf-8" />
  <meta name='ocr-system' content='tesseract 3.04.00' />
  <meta name='ocr-capabilities' content='ocr_page ocr_carea ocr_par ocr_line ocrx_word'/>
</head>
<body>
  <div class='ocr_page' id='page_1' title='image "./herodotihalicar01bhgoog_0820.png"; bbox 0 0 2986 5014; ppageno 0'>
   <div class='ocr_carea' id='block_1_1' title="bbox 468 363 1269 450">
    <p class='ocr_par' dir='ltr' id='par_1_1' title="bbox 468 363 1269 450">
     <span class='ocr_line' id='line_1_1' title="bbox 468 363 1269 450; baseline 0.005 -18"><span class='ocrx_word' id='word_1_1' title='bbox 468 373 535 433; x_wconf 80' lang='lat' dir='ltr'>An</span> <span class='ocrx_word' id='word_1_2' title='bbox 560 371 815 434; x_wconf 78' lang='lat' dir='ltr'>nunonon.</span> <span class='ocrx_word' id='word_1_3' title='bbox 838 375 880 450; x_wconf 89' lang='lat' dir='ltr'>v,</span> <span class='ocrx_word' id='word_1_4' title='bbox 903 383 948 438; x_wconf 81' lang='lat' dir='ltr'>se.</span> <span class='ocrx_word' id='word_1_5' title='bbox 1208 363 1269 428; x_wconf 86' lang='lat'>803</span> 
     </span>
    </p>
   </div>
   <div class='ocr_carea' id='block_1_2' title="bbox 135 537 1348 2062">
    <p class='ocr_par' dir='ltr' id='par_1_2' title="bbox 139 537 1270 706">
     <span class='ocr_line' id='line_1_2' title="bbox 139 537 1270 616; baseline -0.002 -15"><span class='ocrx_word' id='word_1_6' title='bbox 139 542 298 616; x_wconf 76' lang='lat' dir='ltr'>esse,&#39;idem</span> <span class='ocrx_word' id='word_1_7' title='bbox 310 547 352 600; x_wconf 81' lang='lat' dir='ltr'>vir</span> <span class='ocrx_word' id='word_1_8' title='bbox 365 545 463 598; x_wconf 83' lang='lat' dir='ltr'>doctus</span> <span class='ocrx_word' id='word_1_9' title='bbox 481 545 654 616; x_wconf 61' lang='lat' dir='ltr'>suspicatum</span> <span class='ocrx_word' id='word_1_10' title='bbox 670 546 704 598; x_wconf 86' lang='lat' dir='ltr'>nd</span> <span class='ocrx_word' id='word_1_11' title='bbox 717 548 816 616; x_wconf 74' lang='grc' dir='ltr'><strong><em>δῆμον,</em></strong></span> <span class='ocrx_word' id='word_1_12' title='bbox 829 547 872 600; x_wconf 93' lang='lat' dir='ltr'>cui</span> <span class='ocrx_word' id='word_1_13' title='bbox 890 564 987 600; x_wconf 91' lang='lat' dir='ltr'>nomen</span> <span class='ocrx_word' id='word_1_14' title='bbox 998 537 1146 616; x_wconf 73' lang='grc' dir='ltr'><strong><em>Ἐροιᾰδες,</em></strong></span> <span class='ocrx_word' id='word_1_15' title='bbox 1161 544 1270 600; x_wconf 80' lang='lat' dir='ltr'>aliunde</span> 
     </span>
     <span class='ocr_line' id='line_1_3' title="bbox 139 629 1016 706; baseline -0.002 -20"><span class='ocrx_word' id='word_1_16' title='bbox 139 651 250 706; x_wconf 86' lang='lat' dir='ltr'>quoque</span> <span class='ocrx_word' id='word_1_17' title='bbox 267 632 452 700; x_wconf 73' lang='lat' dir='ltr'>cognitum*)‚</span> <span class='ocrx_word' id='word_1_18' title='bbox 470 631 568 684; x_wconf 88' lang='lat' dir='ltr'>referri</span> <span class='ocrx_word' id='word_1_19' title='bbox 581 631 684 684; x_wconf 82' lang='lat' dir='ltr'>mavult</span> <span class='ocrx_word' id='word_1_20' title='bbox 699 631 732 684; x_wconf 90' lang='lat' dir='ltr'>C.</span> <span class='ocrx_word' id='word_1_21' title='bbox 749 634 796 686; x_wconf 82' lang='lat' dir='ltr'>Fr.</span> <span class='ocrx_word' id='word_1_22' title='bbox 814 629 1016 701; x_wconf 77' lang='lat' dir='ltr'>Hermann**).</span> 
     </span>
    </p>

    <p class='ocr_par' dir='ltr' id='par_1_3' title="bbox 135 709 1348 2062">
     <span class='ocr_line' id='line_1_4' title="bbox 224 709 1270 787; baseline -0.002 -15"><span class='ocrx_word' id='word_1_23' title='bbox 224 717 331 772; x_wconf 86' lang='lat' dir='ltr'>Nullam</span> <span class='ocrx_word' id='word_1_24' title='bbox 347 715 534 769; x_wconf 78' lang='lat' dir='ltr'>difficultatem</span> <span class='ocrx_word' id='word_1_25' title='bbox 550 733 661 785; x_wconf 81' lang='lat' dir='ltr'>quoque</span> <span class='ocrx_word' id='word_1_26' title='bbox 685 709 960 786; x_wconf 69' lang='lat' dir='ltr'>praebent&#39;Dnlqres</span> <span class='ocrx_word' id='word_1_27' title='bbox 982 735 1004 770; x_wconf 90' lang='lat' dir='ltr'>s.</span> <span class='ocrx_word' id='word_1_28' title='bbox 1014 712 1165 787; x_wconf 78' lang='grc' dir='ltr'><strong><em>Ὀπλῆται,</em></strong></span> <span class='ocrx_word' id='word_1_29' title='bbox 1183 720 1207 770; x_wconf 88' lang='lat' dir='ltr'>si</span> <span class='ocrx_word' id='word_1_30' title='bbox 1223 720 1270 770; x_wconf 86' lang='lat' dir='ltr'>mi·</span> 
     </span>
     <span class='ocr_line' id='line_1_5' title="bbox 138 797 1348 873; baseline -0.002 -17"><span class='ocrx_word' id='word_1_31' title='bbox 138 805 203 868; x_wconf 84' lang='lat' dir='ltr'>lites,</span> <span class='ocrx_word' id='word_1_32' title='bbox 219 798 250 857; x_wconf 81' lang='lat' dir='ltr'>cd</span> <span class='ocrx_word' id='word_1_33' title='bbox 264 797 394 873; x_wconf 75' lang='grc' dir='ltr'><strong><em>μάχιμον,</em></strong></span> <span class='ocrx_word' id='word_1_34' title='bbox 410 809 441 854; x_wconf 89' lang='lat' dir='ltr'>ut</span> <span class='ocrx_word' id='word_1_35' title='bbox 455 800 620 854; x_wconf 76' lang='lat' dir='ltr'>Plutarchus</span> <span class='ocrx_word' id='word_1_36' title='bbox 637 800 713 869; x_wconf 83' lang='lat' dir='ltr'>dixit,</span> <span class='ocrx_word' id='word_1_37' title='bbox 728 802 906 869; x_wconf 73' lang='lat' dir='ltr'>intellexeris,</span> <span class='ocrx_word' id='word_1_38' title='bbox 921 803 1015 870; x_wconf 90' lang='lat' dir='ltr'>pronti</span> <span class='ocrx_word' id='word_1_39' title='bbox 1029 805 1091 872; x_wconf 85' lang='lat' dir='ltr'>ipsa</span> <span class='ocrx_word' id='word_1_40' title='bbox 1110 821 1162 855; x_wconf 83' lang='lat' dir='ltr'>vox</span> <span class='ocrx_word' id='word_1_41' title='bbox 1179 802 1268 870; x_wconf 87' lang='lat' dir='ltr'>docet,</span> <span class='ocrx_word' id='word_1_42' title='bbox 1347 815 1348 818; x_wconf 76' lang='grc'>’</span> 
     </span>
     <span class='ocr_line' id='line_1_6' title="bbox 138 885 1268 956; baseline 0.001 -16"><span class='ocrx_word' id='word_1_43' title='bbox 138 889 157 940; x_wconf 83' lang='grc'><strong>1.</strong></span> <span class='ocrx_word' id='word_1_44' title='bbox 178 909 203 942; x_wconf 91' lang='lat' dir='ltr'>e.</span> <span class='ocrx_word' id='word_1_45' title='bbox 225 906 282 941; x_wconf 85' lang='lat' dir='ltr'>eam</span> <span class='ocrx_word' id='word_1_46' title='bbox 304 888 404 940; x_wconf 82' lang='lat' dir='ltr'>tribum</span> <span class='ocrx_word' id='word_1_47' title='bbox 425 904 449 938; x_wconf 86' lang='lat' dir='ltr'>s.</span> <span class='ocrx_word' id='word_1_48' title='bbox 466 885 581 939; x_wconf 75' lang='lat' dir='ltr'>classem</span> <span class='ocrx_word' id='word_1_49' title='bbox 596 886 747 938; x_wconf 83' lang='lat' dir='ltr'>Atticorum</span> <span class='ocrx_word' id='word_1_50' title='bbox 769 887 920 954; x_wconf 85' lang='lat' dir='ltr'>hominum,</span> <span class='ocrx_word' id='word_1_51' title='bbox 947 887 995 956; x_wconf 90' lang='lat' dir='ltr'>qui</span> <span class='ocrx_word' id='word_1_52' title='bbox 1015 887 1096 940; x_wconf 85' lang='lat' dir='ltr'>armis</span> <span class='ocrx_word' id='word_1_53' title='bbox 1118 889 1268 941; x_wconf 78' lang='lat' dir='ltr'>tractandis</span> 
     </span>
     <span class='ocr_line' id='line_1_7' title="bbox 138 970 1268 1044; baseline 0 -18"><span class='ocrx_word' id='word_1_54' title='bbox 138 974 244 1026; x_wconf 83' lang='lat' dir='ltr'>assueti</span> <span class='ocrx_word' id='word_1_55' title='bbox 256 975 375 1026; x_wconf 83' lang='lat' dir='ltr'>inerint:</span> <span class='ocrx_word' id='word_1_56' title='bbox 391 971 440 1042; x_wconf 91' lang='lat' dir='ltr'>qni</span> <span class='ocrx_word' id='word_1_57' title='bbox 454 970 534 1024; x_wconf 92' lang='lat' dir='ltr'>iidem</span> <span class='ocrx_word' id='word_1_58' title='bbox 544 988 607 1024; x_wconf 91' lang='lat' dir='ltr'>num</span> <span class='ocrx_word' id='word_1_59' title='bbox 616 972 830 1042; x_wconf 77' lang='lat' dir='ltr'>nobilesqnoque</span> <span class='ocrx_word' id='word_1_60' title='bbox 844 972 1015 1044; x_wconf 68' lang='lat' dir='ltr'>luerintlli)</span> <span class='ocrx_word' id='word_1_61' title='bbox 1023 991 1089 1042; x_wconf 82' lang='lat' dir='ltr'>pree</span> <span class='ocrx_word' id='word_1_62' title='bbox 1099 973 1268 1026; x_wconf 83' lang='lat' dir='ltr'>caeterissr-</span> 
     </span>
     <span class='ocr_line' id='line_1_8' title="bbox 136 1055 1268 1129; baseline 0.001 -19"><span class='ocrx_word' id='word_1_63' title='bbox 136 1075 239 1112; x_wconf 90' lang='lat' dir='ltr'>morum</span> <span class='ocrx_word' id='word_1_64' title='bbox 253 1057 456 1112; x_wconf 82' lang='lat' dir='ltr'>tractandorum</span> <span class='ocrx_word' id='word_1_65' title='bbox 475 1056 586 1124; x_wconf 84' lang='lat' dir='ltr'>negotio</span> <span class='ocrx_word' id='word_1_66' title='bbox 601 1055 695 1120; x_wconf 87' lang='lat' dir='ltr'>dediti,</span> <span class='ocrx_word' id='word_1_67' title='bbox 712 1057 831 1128; x_wconf 82' lang='lat' dir='ltr'>itemque</span> <span class='ocrx_word' id='word_1_68' title='bbox 844 1060 994 1129; x_wconf 81' lang='lat' dir='ltr'>locuplctes,</span> <span class='ocrx_word' id='word_1_69' title='bbox 1008 1059 1055 1128; x_wconf 88' lang='lat' dir='ltr'>qui</span> <span class='ocrx_word' id='word_1_70' title='bbox 1070 1059 1181 1124; x_wconf 79' lang='lat' dir='ltr'>fundos,</span> <span class='ocrx_word' id='word_1_71' title='bbox 1198 1077 1268 1128; x_wconf 91' lang='lat' dir='ltr'>quos</span> 
     </span>
     <span class='ocr_line' id='line_1_9' title="bbox 136 1140 1267 1214; baseline 0 -18"><span class='ocrx_word' id='word_1_72' title='bbox 136 1145 296 1214; x_wconf 85' lang='lat' dir='ltr'>possident,</span> <span class='ocrx_word' id='word_1_73' title='bbox 320 1140 423 1210; x_wconf 78' lang='lat' dir='ltr'>amplos</span> <span class='ocrx_word' id='word_1_74' title='bbox 441 1159 490 1210; x_wconf 92' lang='lat' dir='ltr'>per</span> <span class='ocrx_word' id='word_1_75' title='bbox 508 1159 604 1194; x_wconf 84' lang='lat' dir='ltr'>servos</span> <span class='ocrx_word' id='word_1_76' title='bbox 629 1141 785 1194; x_wconf 80' lang='lat' dir='ltr'>hominesve</span> <span class='ocrx_word' id='word_1_77' title='bbox 808 1141 969 1194; x_wconf 83' lang='lat' dir='ltr'>tributarios</span> <span class='ocrx_word' id='word_1_78' title='bbox 991 1143 1042 1194; x_wconf 93' lang='lat' dir='ltr'>coli</span> <span class='ocrx_word' id='word_1_79' title='bbox 1062 1143 1173 1214; x_wconf 86' lang='lat' dir='ltr'>iubent,</span> <span class='ocrx_word' id='word_1_80' title='bbox 1196 1143 1267 1196; x_wconf 70' lang='lat' dir='ltr'>leand</span> 
     </span>
     <span class='ocr_line' id='line_1_10' title="bbox 136 1227 1267 1298; baseline 0 -18"><span class='ocrx_word' id='word_1_81' title='bbox 136 1229 289 1282; x_wconf 75' lang='lat' dir='ltr'>decernam.</span> <span class='ocrx_word' id='word_1_82' title='bbox 340 1227 417 1278; x_wconf 86' lang='lat' dir='ltr'>Nos:</span> <span class='ocrx_word' id='word_1_83' title='bbox 439 1227 489 1278; x_wconf 86' lang='lat' dir='ltr'>der</span> <span class='ocrx_word' id='word_1_84' title='bbox 505 1227 699 1297; x_wconf 82' lang='lat' dir='ltr'>llriegerstcnd</span> <span class='ocrx_word' id='word_1_85' title='bbox 710 1245 733 1279; x_wconf 89' lang='lat' dir='ltr'>s.</span> <span class='ocrx_word' id='word_1_86' title='bbox 753 1229 923 1287; x_wconf 83' lang='lat' dir='ltr'>Wehrstund.</span> <span class='ocrx_word' id='word_1_87' title='bbox 958 1227 1065 1290; x_wconf 85' lang='lat' dir='ltr'>Quarta</span> <span class='ocrx_word' id='word_1_88' title='bbox 1080 1229 1179 1296; x_wconf 83' lang='lat' dir='ltr'>tribus,</span> <span class='ocrx_word' id='word_1_89' title='bbox 1197 1245 1267 1298; x_wconf 89' lang='lat' dir='ltr'>quae</span> 
     </span>
     <span class='ocr_line' id='line_1_11' title="bbox 136 1311 1268 1384; baseline -0.001 -18"><span class='ocrx_word' id='word_1_90' title='bbox 136 1314 222 1384; x_wconf 88' lang='lat' dir='ltr'>primo</span> <span class='ocrx_word' id='word_1_91' title='bbox 248 1313 308 1365; x_wconf 89' lang='lat' dir='ltr'>loco</span> <span class='ocrx_word' id='word_1_92' title='bbox 333 1311 406 1381; x_wconf 84' lang='lat' dir='ltr'>apud</span> <span class='ocrx_word' id='word_1_93' title='bbox 433 1311 602 1363; x_wconf 86' lang='lat' dir='ltr'>Herodotum</span> <span class='ocrx_word' id='word_1_94' title='bbox 634 1329 722 1382; x_wconf 86' lang='lat' dir='ltr'>aeque</span> <span class='ocrx_word' id='word_1_95' title='bbox 747 1319 829 1383; x_wconf 86' lang='lat' dir='ltr'>atque</span> <span class='ocrx_word' id='word_1_96' title='bbox 858 1313 931 1382; x_wconf 90' lang='lat' dir='ltr'>apud</span> <span class='ocrx_word' id='word_1_97' title='bbox 956 1311 1092 1366; x_wconf 83' lang='lat' dir='ltr'>Pollucem</span> <span class='ocrx_word' id='word_1_98' title='bbox 1124 1313 1268 1383; x_wconf 87' lang='lat' dir='ltr'>ipsumque</span> 
     </span>
     <span class='ocr_line' id='line_1_12' title="bbox 135 1395 1267 1468; baseline 0.001 -18"><span class='ocrx_word' id='word_1_99' title='bbox 135 1397 296 1468; x_wconf 83' lang='lat' dir='ltr'>Euripidem</span> <span class='ocrx_word' id='word_1_100' title='bbox 316 1396 486 1462; x_wconf 85' lang='lat' dir='ltr'>nominatur,</span> <span class='ocrx_word' id='word_1_101' title='bbox 504 1395 583 1448; x_wconf 82' lang='lat' dir='ltr'>valde</span> <span class='ocrx_word' id='word_1_102' title='bbox 600 1396 723 1450; x_wconf 78' lang='lat' dir='ltr'>eiercnit</span> <span class='ocrx_word' id='word_1_103' title='bbox 741 1397 816 1450; x_wconf 86' lang='lat' dir='ltr'>viros</span> <span class='ocrx_word' id='word_1_104' title='bbox 834 1397 940 1450; x_wconf 88' lang='lat' dir='ltr'>doctos.</span> <span class='ocrx_word' id='word_1_105' title='bbox 985 1397 1042 1460; x_wconf 83' lang='lat' dir='ltr'>Qui</span> <span class='ocrx_word' id='word_1_106' title='bbox 1064 1399 1149 1464; x_wconf 90' lang='lat' dir='ltr'>enim,</span> <span class='ocrx_word' id='word_1_107' title='bbox 1175 1405 1205 1450; x_wconf 92' lang='lat' dir='ltr'>ut</span> <span class='ocrx_word' id='word_1_108' title='bbox 1234 1399 1267 1451; x_wconf 94' lang='lat' dir='ltr'>de</span> 
     </span>
     <span class='ocr_line' id='line_1_13' title="bbox 136 1481 1267 1553; baseline 0 -19"><span class='ocrx_word' id='word_1_109' title='bbox 136 1483 198 1553; x_wconf 86' lang='lat' dir='ltr'>ipsa</span> <span class='ocrx_word' id='word_1_110' title='bbox 222 1483 340 1536; x_wconf 89' lang='lat' dir='ltr'>lectione</span> <span class='ocrx_word' id='word_1_111' title='bbox 364 1481 477 1550; x_wconf 90' lang='lat' dir='ltr'>primum</span> <span class='ocrx_word' id='word_1_112' title='bbox 505 1481 659 1549; x_wconf 83' lang='lat' dir='ltr'>videamus,</span> <span class='ocrx_word' id='word_1_113' title='bbox 685 1482 718 1532; x_wconf 88' lang='lat' dir='ltr'>ab</span> <span class='ocrx_word' id='word_1_114' title='bbox 740 1482 880 1534; x_wconf 88' lang='lat' dir='ltr'>Herodoto</span> <span class='ocrx_word' id='word_1_115' title='bbox 903 1489 931 1534; x_wconf 90' lang='lat' dir='ltr'>et</span> <span class='ocrx_word' id='word_1_116' title='bbox 951 1483 1090 1551; x_wconf 87' lang='lat' dir='ltr'>Stephano</span> <span class='ocrx_word' id='word_1_117' title='bbox 1111 1483 1267 1548; x_wconf 81' lang='lat' dir='ltr'>Byzantino</span> 
     </span>
     <span class='ocr_line' id='line_1_14' title="bbox 137 1563 1267 1637; baseline 0 -18"><span class='ocrx_word' id='word_1_118' title='bbox 137 1575 272 1620; x_wconf 87' lang='lat' dir='ltr'>vocantur</span> <span class='ocrx_word' id='word_1_119' title='bbox 288 1563 485 1632; x_wconf 65' lang='lat' dir='ltr'>Fele&#39;ovceci),</span> <span class='ocrx_word' id='word_1_120' title='bbox 508 1567 580 1634; x_wconf 87' lang='lat' dir='ltr'>apud</span> <span class='ocrx_word' id='word_1_121' title='bbox 597 1566 732 1619; x_wconf 84' lang='lat' dir='ltr'>Pollucem</span> <span class='ocrx_word' id='word_1_122' title='bbox 747 1567 999 1637; x_wconf 83' lang='lat' dir='ltr'>atqueEuripidem</span> <span class='ocrx_word' id='word_1_123' title='bbox 1014 1569 1143 1620; x_wconf 90' lang='lat' dir='ltr'>dicuntur</span> <span class='ocrx_word' id='word_1_124' title='bbox 1155 1565 1267 1621; x_wconf 77' lang='grc' dir='ltr'><strong><em>Τελέον-</em></strong></span> 
     </span>
     <span class='ocr_line' id='line_1_15' title="bbox 135 1650 1266 1722; baseline -0.002 -16"><span class='ocrx_word' id='word_1_125' title='bbox 135 1670 189 1720; x_wconf 73' lang='lat' dir='ltr'>sec,</span> <span class='ocrx_word' id='word_1_126' title='bbox 205 1653 278 1721; x_wconf 87' lang='lat' dir='ltr'>quod</span> <span class='ocrx_word' id='word_1_127' title='bbox 295 1668 385 1704; x_wconf 78' lang='lat' dir='ltr'>uerum</span> <span class='ocrx_word' id='word_1_128' title='bbox 402 1650 483 1702; x_wconf 88' lang='lat' dir='ltr'>huius</span> <span class='ocrx_word' id='word_1_129' title='bbox 497 1651 586 1704; x_wconf 86' lang='lat' dir='ltr'>tribus</span> <span class='ocrx_word' id='word_1_130' title='bbox 604 1669 699 1704; x_wconf 90' lang='lat' dir='ltr'>nomen</span> <span class='ocrx_word' id='word_1_131' title='bbox 721 1670 780 1705; x_wconf 92' lang='lat' dir='ltr'>cum</span> <span class='ocrx_word' id='word_1_132' title='bbox 803 1652 863 1704; x_wconf 90' lang='lat' dir='ltr'>olim</span> <span class='ocrx_word' id='word_1_133' title='bbox 885 1652 1057 1722; x_wconf 77' lang='lat' dir='ltr'>suscepisset</span> <span class='ocrx_word' id='word_1_134' title='bbox 1077 1653 1266 1705; x_wconf 81' lang='lat' dir='ltr'>demonstran-</span> 
     </span>
     <span class='ocr_line' id='line_1_16' title="bbox 136 1735 1264 1808; baseline 0 -20"><span class='ocrx_word' id='word_1_135' title='bbox 136 1738 200 1790; x_wconf 89' lang='lat' dir='ltr'>dum</span> <span class='ocrx_word' id='word_1_136' title='bbox 221 1737 376 1790; x_wconf 85' lang='lat' dir='ltr'>Boeclrhius</span> <span class='ocrx_word' id='word_1_137' title='bbox 398 1736 425 1788; x_wconf 93' lang='lat' dir='ltr'>in</span> <span class='ocrx_word' id='word_1_138' title='bbox 442 1735 520 1788; x_wconf 88' lang='lat' dir='ltr'>lndic</span> <span class='ocrx_word' id='word_1_139' title='bbox 537 1736 682 1789; x_wconf 89' lang='lat' dir='ltr'>Praeleott.</span> <span class='ocrx_word' id='word_1_140' title='bbox 701 1737 890 1790; x_wconf 88' lang='lat' dir='ltr'>Berolinenss.</span> <span class='ocrx_word' id='word_1_141' title='bbox 907 1737 972 1788; x_wconf 89' lang='lat' dir='ltr'>anni</span> <span class='ocrx_word' id='word_1_142' title='bbox 994 1737 1176 1789; x_wconf 83' lang='lat' dir='ltr'>lllDCCCllll</span> <span class='ocrx_word' id='word_1_143' title='bbox 1194 1737 1264 1808; x_wconf 76' lang='lat' dir='ltr'>(vid.</span> 
     </span>
     <span class='ocr_line' id='line_1_17' title="bbox 136 1819 1266 1892; baseline 0 -19"><span class='ocrx_word' id='word_1_144' title='bbox 136 1822 277 1875; x_wconf 90' lang='lat' dir='ltr'>Seebode:</span> <span class='ocrx_word' id='word_1_145' title='bbox 293 1823 389 1876; x_wconf 85' lang='lat' dir='ltr'>Neues</span> <span class='ocrx_word' id='word_1_146' title='bbox 404 1819 503 1872; x_wconf 74' lang='lat' dir='ltr'>Archiv</span> <span class='ocrx_word' id='word_1_147' title='bbox 520 1829 571 1873; x_wconf 90' lang='lat' dir='ltr'>etc.</span> <span class='ocrx_word' id='word_1_148' title='bbox 590 1820 646 1888; x_wconf 83' lang='lat' dir='ltr'>lll,</span> <span class='ocrx_word' id='word_1_149' title='bbox 661 1824 686 1876; x_wconf 88' lang='grc'><strong>3.</strong></span> <span class='ocrx_word' id='word_1_150' title='bbox 706 1840 769 1890; x_wconf 82' lang='lat' dir='ltr'>pag.</span> <span class='ocrx_word' id='word_1_151' title='bbox 785 1825 818 1876; x_wconf 84' lang='lat'>53</span> <span class='ocrx_word' id='word_1_152' title='bbox 834 1821 942 1892; x_wconf 77' lang='lat' dir='ltr'>seqq),</span> <span class='ocrx_word' id='word_1_153' title='bbox 965 1821 1138 1874; x_wconf 81' lang='lat' dir='ltr'>librariorum</span> <span class='ocrx_word' id='word_1_154' title='bbox 1153 1840 1168 1873; x_wconf 94' lang='lat' dir='ltr'>e</span> <span class='ocrx_word' id='word_1_155' title='bbox 1186 1821 1266 1891; x_wconf 87' lang='lat' dir='ltr'>culpa</span> 
     </span>
     <span class='ocr_line' id='line_1_18' title="bbox 137 1902 1265 1976; baseline -0.002 -16"><span class='ocrx_word' id='word_1_156' title='bbox 137 1914 224 1961; x_wconf 91' lang='lat' dir='ltr'>ortum</span> <span class='ocrx_word' id='word_1_157' title='bbox 241 1915 323 1976; x_wconf 84' lang='lat' dir='ltr'>utque</span> <span class='ocrx_word' id='word_1_158' title='bbox 336 1907 363 1958; x_wconf 93' lang='lat' dir='ltr'>in</span> <span class='ocrx_word' id='word_1_159' title='bbox 381 1902 522 1967; x_wconf 77' lang='lat' dir='ltr'>Fels&#39;ovrec</span> <span class='ocrx_word' id='word_1_160' title='bbox 545 1907 760 1960; x_wconf 86' lang='lat' dir='ltr'>commutandum</span> <span class='ocrx_word' id='word_1_161' title='bbox 777 1925 839 1958; x_wconf 89' lang='lat' dir='ltr'>esse</span> <span class='ocrx_word' id='word_1_162' title='bbox 855 1907 965 1958; x_wconf 87' lang='lat' dir='ltr'>censuit</span> <span class='ocrx_word' id='word_1_163' title='bbox 987 1907 1059 1958; x_wconf 90' lang='lat' dir='ltr'>God.</span> <span class='ocrx_word' id='word_1_164' title='bbox 1080 1905 1265 1972; x_wconf 88' lang='lat' dir='ltr'>Hermannus‚</span> 
     </span>
     <span class='ocr_line' id='line_1_19' title="bbox 135 1989 1265 2062; baseline -0.002 -17"><span class='ocrx_word' id='word_1_165' title='bbox 135 1992 263 2062; x_wconf 84' lang='lat' dir='ltr'>pluribus</span> <span class='ocrx_word' id='word_1_166' title='bbox 279 1993 344 2044; x_wconf 83' lang='lat' dir='ltr'>haec</span> <span class='ocrx_word' id='word_1_167' title='bbox 359 1991 517 2060; x_wconf 78' lang='lat' dir='ltr'>disquirens</span> <span class='ocrx_word' id='word_1_168' title='bbox 534 1991 560 2042; x_wconf 90' lang='lat' dir='ltr'>in</span> <span class='ocrx_word' id='word_1_169' title='bbox 577 1989 698 2042; x_wconf 83' lang='lat' dir='ltr'>Praelat.</span> <span class='ocrx_word' id='word_1_170' title='bbox 724 1993 758 2044; x_wconf 87' lang='lat' dir='ltr'>ad</span> <span class='ocrx_word' id='word_1_171' title='bbox 772 1991 899 2060; x_wconf 86' lang='lat' dir='ltr'>Euripid.</span> <span class='ocrx_word' id='word_1_172' title='bbox 922 1991 981 2043; x_wconf 91' lang='lat' dir='ltr'>lon.</span> <span class='ocrx_word' id='word_1_173' title='bbox 998 2009 1062 2060; x_wconf 80' lang='lat' dir='ltr'>pag.</span> <span class='ocrx_word' id='word_1_174' title='bbox 1085 1990 1265 2043; x_wconf 67' lang='lat' dir='ltr'>ixl-xxv,</span> 
     </span>
    </p>
   </div>
   <div class='ocr_carea' id='block_1_3' title="bbox 21 2068 1266 2145">
    <p class='ocr_par' dir='ltr' id='par_1_4' title="bbox 21 2068 1266 2145">
     <span class='ocr_line' id='line_1_20' title="bbox 21 2068 1266 2145; baseline -0.002 -14"><span class='ocrx_word' id='word_1_175' title='bbox 21 2068 28 2082; x_wconf 84' lang='lat'>&#39;</span> <span class='ocrx_word' id='word_1_176' title='bbox 136 2077 218 2140; x_wconf 82' lang='lat' dir='ltr'>Quod</span> <span class='ocrx_word' id='word_1_177' title='bbox 233 2077 306 2145; x_wconf 90' lang='lat' dir='ltr'>apud</span> <span class='ocrx_word' id='word_1_178' title='bbox 322 2076 498 2128; x_wconf 86' lang='lat' dir='ltr'>Ptuturchnm</span> <span class='ocrx_word' id='word_1_179' title='bbox 511 2074 528 2130; x_wconf 88' lang='lat' dir='ltr'>l.</span> <span class='ocrx_word' id='word_1_180' title='bbox 546 2091 631 2144; x_wconf 84' lang='lat' dir='ltr'>supra</span> <span class='ocrx_word' id='word_1_181' title='bbox 645 2075 663 2127; x_wconf 84' lang='lat' dir='ltr'>l.</span> <span class='ocrx_word' id='word_1_182' title='bbox 677 2075 779 2144; x_wconf 79' lang='lat' dir='ltr'>legitur</span> <span class='ocrx_word' id='word_1_183' title='bbox 797 2073 963 2143; x_wconf 78' lang='grc' dir='ltr'><strong><em>Γεδέοντας,</em></strong></span> <span class='ocrx_word' id='word_1_184' title='bbox 984 2093 999 2128; x_wconf 86' lang='lat' dir='ltr'>e</span> <span class='ocrx_word' id='word_1_185' title='bbox 1015 2075 1120 2128; x_wconf 82' lang='lat' dir='ltr'>Reislrii</span> <span class='ocrx_word' id='word_1_186' title='bbox 1142 2075 1266 2128; x_wconf 85' lang='lat' dir='ltr'>emenda·</span> 
     </span>
    </p>
   </div>
   <div class='ocr_carea' id='block_1_4' title="bbox 132 2158 1267 3083">
    <p class='ocr_par' dir='ltr' id='par_1_5' title="bbox 132 2158 1267 3083">
     <span class='ocr_line' id='line_1_21' title="bbox 135 2158 1267 2230; baseline -0.001 -17"><span class='ocrx_word' id='word_1_187' title='bbox 135 2162 211 2215; x_wconf 87' lang='lat' dir='ltr'>tione</span> <span class='ocrx_word' id='word_1_188' title='bbox 226 2163 308 2216; x_wconf 85' lang='lat' dir='ltr'>lluxit</span> <span class='ocrx_word' id='word_1_189' title='bbox 323 2161 458 2228; x_wconf 75' lang='lat' dir='ltr'>vulgatam</span> <span class='ocrx_word' id='word_1_190' title='bbox 479 2160 620 2212; x_wconf 89' lang='lat' dir='ltr'>lectionem</span> <span class='ocrx_word' id='word_1_191' title='bbox 636 2179 666 2228; x_wconf 78' lang='grc' dir='ltr'>γε</span> <span class='ocrx_word' id='word_1_192' title='bbox 692 2159 818 2230; x_wconf 77' lang='grc' dir='ltr'><strong><em>δέοντας,</em></strong></span> <span class='ocrx_word' id='word_1_193' title='bbox 834 2177 914 2230; x_wconf 87' lang='lat' dir='ltr'>quam</span> <span class='ocrx_word' id='word_1_194' title='bbox 936 2160 963 2212; x_wconf 90' lang='lat' dir='ltr'>in</span> <span class='ocrx_word' id='word_1_195' title='bbox 989 2158 1137 2220; x_wconf 77' lang='grc' dir='ltr'><strong><em>Τελέοντας</em></strong></span> <span class='ocrx_word' id='word_1_196' title='bbox 1162 2167 1267 2212; x_wconf 81' lang='lat' dir='ltr'>mutare</span> 
     </span>
     <span class='ocr_line' id='line_1_22' title="bbox 137 2244 1266 2316; baseline -0.002 -18"><span class='ocrx_word' id='word_1_197' title='bbox 137 2247 262 2300; x_wconf 85' lang='lat' dir='ltr'>voluerat</span> <span class='ocrx_word' id='word_1_198' title='bbox 280 2247 367 2300; x_wconf 87' lang='lat' dir='ltr'>Henr.</span> <span class='ocrx_word' id='word_1_199' title='bbox 390 2246 562 2316; x_wconf 81' lang='lat' dir='ltr'>Stephanus,</span> <span class='ocrx_word' id='word_1_200' title='bbox 590 2247 632 2298; x_wconf 88' lang='lat' dir='ltr'>sic</span> <span class='ocrx_word' id='word_1_201' title='bbox 654 2247 837 2315; x_wconf 84' lang='lat' dir='ltr'>corrigentis;</span> <span class='ocrx_word' id='word_1_202' title='bbox 859 2245 983 2315; x_wconf 85' lang='lat' dir='ltr'>equidem</span> <span class='ocrx_word' id='word_1_203' title='bbox 1003 2246 1054 2296; x_wconf 93' lang='lat' dir='ltr'>hoc</span> <span class='ocrx_word' id='word_1_204' title='bbox 1076 2262 1187 2314; x_wconf 90' lang='lat' dir='ltr'>quoque</span> <span class='ocrx_word' id='word_1_205' title='bbox 1207 2244 1266 2296; x_wconf 90' lang='lat' dir='ltr'>loco</span> 
     </span>
     <span class='ocr_line' id='line_1_23' title="bbox 136 2321 1266 2400; baseline -0.001 -17"><span class='ocrx_word' id='word_1_206' title='bbox 136 2349 270 2400; x_wconf 86' lang='lat' dir='ltr'>reponere</span> <span class='ocrx_word' id='word_1_207' title='bbox 294 2331 379 2384; x_wconf 87' lang='lat' dir='ltr'>malim</span> <span class='ocrx_word' id='word_1_208' title='bbox 406 2329 582 2400; x_wconf 74' lang='grc' dir='ltr'><strong><em>Γελέοντας,</em></strong></span> <span class='ocrx_word' id='word_1_209' title='bbox 609 2347 668 2383; x_wconf 91' lang='lat' dir='ltr'>cum</span> <span class='ocrx_word' id='word_1_210' title='bbox 698 2329 860 2393; x_wconf 75' lang='grc' dir='ltr'>Γεδὲοντας</span> <span class='ocrx_word' id='word_1_211' title='bbox 886 2329 954 2382; x_wconf 84' lang='lat' dir='ltr'>nihil</span> <span class='ocrx_word' id='word_1_212' title='bbox 980 2330 1092 2396; x_wconf 84' lang='lat' dir='ltr'>habeat,</span> <span class='ocrx_word' id='word_1_213' title='bbox 1119 2347 1174 2400; x_wconf 91' lang='lat' dir='ltr'>qno</span> <span class='ocrx_word' id='word_1_214' title='bbox 1197 2321 1266 2382; x_wconf 86' lang='lat' dir='ltr'>com-</span> 
     </span>
     <span class='ocr_line' id='line_1_24' title="bbox 134 2415 1267 2486; baseline -0.002 -18"><span class='ocrx_word' id='word_1_215' title='bbox 134 2417 286 2482; x_wconf 87' lang='lat' dir='ltr'>mendetur,</span> <span class='ocrx_word' id='word_1_216' title='bbox 300 2433 390 2485; x_wconf 92' lang='lat' dir='ltr'>neque</span> <span class='ocrx_word' id='word_1_217' title='bbox 405 2415 460 2468; x_wconf 90' lang='lat' dir='ltr'>ullo</span> <span class='ocrx_word' id='word_1_218' title='bbox 483 2416 559 2468; x_wconf 90' lang='lat' dir='ltr'>modo</span> <span class='ocrx_word' id='word_1_219' title='bbox 583 2416 713 2485; x_wconf 81' lang='lat' dir='ltr'>explicari</span> <span class='ocrx_word' id='word_1_220' title='bbox 734 2423 831 2486; x_wconf 86' lang='lat' dir='ltr'>queat:</span> <span class='ocrx_word' id='word_1_221' title='bbox 852 2415 898 2467; x_wconf 86' lang='lat' dir='ltr'>vix</span> <span class='ocrx_word' id='word_1_222' title='bbox 916 2415 986 2468; x_wconf 92' lang='lat' dir='ltr'>enim</span> <span class='ocrx_word' id='word_1_223' title='bbox 1004 2415 1148 2486; x_wconf 87' lang='lat' dir='ltr'>qnisquam</span> <span class='ocrx_word' id='word_1_224' title='bbox 1170 2415 1267 2484; x_wconf 91' lang='lat' dir='ltr'>opinor</span> 
     </span>
     <span class='ocr_line' id='line_1_25' title="bbox 135 2495 1266 2575; baseline -0.003 -21"><span class='ocrx_word' id='word_1_225' title='bbox 135 2519 195 2554; x_wconf 89' lang='lat' dir='ltr'>cum</span> <span class='ocrx_word' id='word_1_226' title='bbox 211 2501 360 2566; x_wconf 55' lang='lat' dir='ltr'>Cornifi)</span> <span class='ocrx_word' id='word_1_227' title='bbox 376 2501 426 2553; x_wconf 88' lang='lat' dir='ltr'>hoc</span> <span class='ocrx_word' id='word_1_228' title='bbox 442 2498 601 2554; x_wconf 82' lang='lat' dir='ltr'>vocabulum</span> <span class='ocrx_word' id='word_1_229' title='bbox 618 2519 633 2553; x_wconf 84' lang='lat' dir='ltr'>u</span> <span class='ocrx_word' id='word_1_230' title='bbox 646 2500 774 2554; x_wconf 86' lang='lat' dir='ltr'>findendo</span> <span class='ocrx_word' id='word_1_231' title='bbox 790 2499 849 2552; x_wconf 89' lang='lat' dir='ltr'>solo</span> <span class='ocrx_word' id='word_1_232' title='bbox 864 2495 953 2570; x_wconf 78' lang='grc' dir='ltr'>(παρὰ</span> <span class='ocrx_word' id='word_1_233' title='bbox 964 2495 996 2555; x_wconf 82' lang='lat' dir='ltr'>cd</span> <span class='ocrx_word' id='word_1_234' title='bbox 1011 2502 1063 2570; x_wconf 77' lang='grc' dir='ltr'>γῆν</span> <span class='ocrx_word' id='word_1_235' title='bbox 1075 2498 1179 2575; x_wconf 79' lang='lat' dir='ltr'>dnt&#39;esv)</span> <span class='ocrx_word' id='word_1_236' title='bbox 1194 2500 1266 2552; x_wconf 86' lang='lat' dir='ltr'>deri-</span> 
     </span>
     <span class='ocr_line' id='line_1_26' title="bbox 134 2584 1266 2656; baseline -0.004 -16"><span class='ocrx_word' id='word_1_237' title='bbox 134 2605 200 2642; x_wconf 80' lang='lat' dir='ltr'>vare</span> <span class='ocrx_word' id='word_1_238' title='bbox 219 2587 338 2655; x_wconf 83' lang='lat' dir='ltr'>indeque</span> <span class='ocrx_word' id='word_1_239' title='bbox 357 2585 493 2654; x_wconf 74' lang='lat' dir='ltr'>agricolas</span> <span class='ocrx_word' id='word_1_240' title='bbox 514 2603 536 2638; x_wconf 84' lang='lat' dir='ltr'>s.</span> <span class='ocrx_word' id='word_1_241' title='bbox 558 2601 684 2653; x_wconf 80' lang='lat' dir='ltr'>agrorum</span> <span class='ocrx_word' id='word_1_242' title='bbox 708 2604 886 2654; x_wconf 80' lang='lat' dir='ltr'>possessores</span> <span class='ocrx_word' id='word_1_243' title='bbox 902 2585 1037 2656; x_wconf 83' lang='lat' dir='ltr'>explicere</span> <span class='ocrx_word' id='word_1_244' title='bbox 1057 2585 1140 2638; x_wconf 80' lang='lat' dir='ltr'>volet.</span> <span class='ocrx_word' id='word_1_245' title='bbox 1158 2584 1266 2636; x_wconf 84' lang='lat' dir='ltr'>Confir-</span> 
     </span>
     <span class='ocr_line' id='line_1_27' title="bbox 132 2668 1266 2741; baseline -0.005 -15"><span class='ocrx_word' id='word_1_246' title='bbox 132 2679 323 2726; x_wconf 82' lang='lat' dir='ltr'>maturantem</span> <span class='ocrx_word' id='word_1_247' title='bbox 340 2688 411 2741; x_wconf 86' lang='lat' dir='ltr'>qnae</span> <span class='ocrx_word' id='word_1_248' title='bbox 426 2688 492 2723; x_wconf 82' lang='lat' dir='ltr'>vera</span> <span class='ocrx_word' id='word_1_249' title='bbox 508 2675 551 2722; x_wconf 88' lang='lat' dir='ltr'>est</span> <span class='ocrx_word' id='word_1_250' title='bbox 566 2670 646 2723; x_wconf 91' lang='lat' dir='ltr'>lectio</span> <span class='ocrx_word' id='word_1_251' title='bbox 662 2668 819 2739; x_wconf 73' lang='grc' dir='ltr'><strong><em>Γελέοντες,</em></strong></span> <span class='ocrx_word' id='word_1_252' title='bbox 834 2671 942 2724; x_wconf 87' lang='lat' dir='ltr'>duabus</span> <span class='ocrx_word' id='word_1_253' title='bbox 958 2669 1266 2738; x_wconf 82' lang='lat' dir='ltr'>inscriptionibus†††)</span> 
     </span>
     <span class='ocr_line' id='line_1_28' title="bbox 133 2748 1266 2826; baseline -0.003 -17"><span class='ocrx_word' id='word_1_254' title='bbox 133 2757 227 2824; x_wconf 76' lang='lat' dir='ltr'>Teius,</span> <span class='ocrx_word' id='word_1_255' title='bbox 245 2758 262 2809; x_wconf 91' lang='lat' dir='ltr'>i.</span> <span class='ocrx_word' id='word_1_256' title='bbox 279 2775 303 2810; x_wconf 89' lang='lat' dir='ltr'>e.</span> <span class='ocrx_word' id='word_1_257' title='bbox 318 2756 428 2808; x_wconf 89' lang='lat' dir='ltr'>Ionicae</span> <span class='ocrx_word' id='word_1_258' title='bbox 445 2755 574 2825; x_wconf 73' lang='lat' dir='ltr'>ciuitatis,</span> <span class='ocrx_word' id='word_1_259' title='bbox 590 2757 728 2826; x_wconf 86' lang='lat' dir='ltr'>inquibus</span> <span class='ocrx_word' id='word_1_260' title='bbox 743 2762 962 2809; x_wconf 89' lang='lat' dir='ltr'>commemoratur</span> <span class='ocrx_word' id='word_1_261' title='bbox 976 2749 994 2825; x_wconf 81' lang='grc' dir='ltr'>ἡ</span> <span class='ocrx_word' id='word_1_262' title='bbox 1013 2748 1266 2822; x_wconf 72' lang='grc' dir='ltr'><strong><em>Γελεόντωνφυλή,</em></strong></span> 
     </span>
     <span class='ocr_line' id='line_1_29' title="bbox 133 2839 1266 2913; baseline -0.004 -19"><span class='ocrx_word' id='word_1_263' title='bbox 133 2843 252 2912; x_wconf 88' lang='lat' dir='ltr'>itemque</span> <span class='ocrx_word' id='word_1_264' title='bbox 265 2857 396 2893; x_wconf 85' lang='lat' dir='ltr'>marmore</span> <span class='ocrx_word' id='word_1_265' title='bbox 412 2839 623 2908; x_wconf 77' lang='lat' dir='ltr'>Cyziceno*†),</span> <span class='ocrx_word' id='word_1_266' title='bbox 644 2842 671 2893; x_wconf 94' lang='lat' dir='ltr'>in</span> <span class='ocrx_word' id='word_1_267' title='bbox 689 2859 742 2910; x_wconf 91' lang='lat' dir='ltr'>qno</span> <span class='ocrx_word' id='word_1_268' title='bbox 758 2841 867 2894; x_wconf 89' lang='lat' dir='ltr'>caedem</span> <span class='ocrx_word' id='word_1_269' title='bbox 889 2847 1021 2913; x_wconf 84' lang='lat' dir='ltr'>quattuor</span> <span class='ocrx_word' id='word_1_270' title='bbox 1044 2839 1134 2892; x_wconf 87' lang='lat' dir='ltr'>trihus</span> <span class='ocrx_word' id='word_1_271' title='bbox 1157 2839 1266 2890; x_wconf 90' lang='lat' dir='ltr'>Ionicae</span> 
     </span>
     <span class='ocr_line' id='line_1_30' title="bbox 134 2915 1264 2998; baseline -0.004 -20"><span class='ocrx_word' id='word_1_272' title='bbox 134 2927 314 2978; x_wconf 83' lang='lat' dir='ltr'>inveniunt-ur</span> <span class='ocrx_word' id='word_1_273' title='bbox 331 2923 504 2995; x_wconf 75' lang='grc' dir='ltr'><strong><em>(Γελέοντες,</em></strong></span> <span class='ocrx_word' id='word_1_274' title='bbox 520 2918 671 2998; x_wconf 48' lang='lat' dir='ltr'>hippodes,</span> <span class='ocrx_word' id='word_1_275' title='bbox 686 2923 855 2995; x_wconf 75' lang='grc' dir='ltr'><strong><em>Αἰγικορεῖς,</em></strong></span> <span class='ocrx_word' id='word_1_276' title='bbox 868 2915 1033 2998; x_wconf 59' lang='grc' dir='ltr'><strong>Ὅπλητες),</strong></span> <span class='ocrx_word' id='word_1_277' title='bbox 1063 2923 1163 2976; x_wconf 85' lang='lat' dir='ltr'>additis</span> <span class='ocrx_word' id='word_1_278' title='bbox 1188 2942 1264 2993; x_wconf 87' lang='lat' dir='ltr'>prae-</span> 
     </span>
     <span class='ocr_line' id='line_1_31' title="bbox 134 3009 1265 3083; baseline -0.001 -22"><span class='ocrx_word' id='word_1_279' title='bbox 134 3017 211 3062; x_wconf 88' lang='lat' dir='ltr'>terea</span> <span class='ocrx_word' id='word_1_280' title='bbox 229 3011 336 3062; x_wconf 86' lang='lat' dir='ltr'>duabus</span> <span class='ocrx_word' id='word_1_281' title='bbox 352 3009 412 3062; x_wconf 86' lang='lat' dir='ltr'>aliis</span> <span class='ocrx_word' id='word_1_282' title='bbox 432 3011 522 3081; x_wconf 91' lang='lat' dir='ltr'>iisque</span> <span class='ocrx_word' id='word_1_283' title='bbox 537 3011 625 3064; x_wconf 84' lang='lat' dir='ltr'>adhuc</span> <span class='ocrx_word' id='word_1_284' title='bbox 640 3013 790 3081; x_wconf 84' lang='lat' dir='ltr'>incognitis</span> <span class='ocrx_word' id='word_1_285' title='bbox 802 3013 926 3083; x_wconf 77' lang='grc' dir='ltr'><strong><em>(Βωρεῑς,</em></strong></span> <span class='ocrx_word' id='word_1_286' title='bbox 936 3009 1092 3077; x_wconf 76' lang='grc' dir='ltr'>Οἰνῶπες);</span> <span class='ocrx_word' id='word_1_287' title='bbox 1110 3009 1265 3078; x_wconf 82' lang='lat' dir='ltr'>Cyzicenos</span> 
     </span>
    </p>
   </div>
   <div class='ocr_carea' id='block_1_5' title="bbox 131 3261 1266 4444">
    <p class='ocr_par' dir='ltr' id='par_1_6' title="bbox 204 3261 840 3330">
     <span class='ocr_line' id='line_1_32' title="bbox 204 3261 840 3330; baseline 0.005 -19.089"><span class='ocrx_word' id='word_1_288' title='bbox 204 3261 452 3326; x_wconf 72' lang='lat' dir='ltr'>*)Vid.1..:ltoes</span> <span class='ocrx_word' id='word_1_289' title='bbox 467 3263 635 3313; x_wconf 90' lang='lat' dir='ltr'>DieDemeu</span> <span class='ocrx_word' id='word_1_290' title='bbox 651 3269 703 3314; x_wconf 87' lang='lat' dir='ltr'>etc.</span> <span class='ocrx_word' id='word_1_291' title='bbox 714 3279 777 3330; x_wconf 76' lang='lat' dir='ltr'>pag.</span> <span class='ocrx_word' id='word_1_292' title='bbox 796 3263 840 3314; x_wconf 79' lang='lat'>09.</span> 
     </span>
    </p>

    <p class='ocr_par' dir='ltr' id='par_1_7' title="bbox 203 3330 809 3396">
     <span class='ocr_line' id='line_1_33' title="bbox 203 3330 809 3396; baseline 0.003 -14"><span class='ocrx_word' id='word_1_293' title='bbox 203 3330 247 3396; x_wconf 81' lang='lat'>**)</span> <span class='ocrx_word' id='word_1_294' title='bbox 261 3331 368 3385; x_wconf 77' lang='lat' dir='ltr'>Griech.</span> <span class='ocrx_word' id='word_1_295' title='bbox 381 3331 583 3384; x_wconf 83' lang='lat' dir='ltr'>Stsateelterth.</span> <span class='ocrx_word' id='word_1_296' title='bbox 597 3336 621 3394; x_wconf 68' lang='grc' dir='ltr'><strong>ξ.</strong></span> <span class='ocrx_word' id='word_1_297' title='bbox 634 3333 676 3385; x_wconf 82' lang='grc'><strong>31.</strong></span> <span class='ocrx_word' id='word_1_298' title='bbox 693 3340 751 3385; x_wconf 86' lang='lat' dir='ltr'>not.</span> <span class='ocrx_word' id='word_1_299' title='bbox 767 3333 809 3387; x_wconf 81' lang='lat'>12.</span> 
     </span>
    </p>

    <p class='ocr_par' dir='ltr' id='par_1_8' title="bbox 132 3365 1266 3815">
     <span class='ocr_line' id='line_1_34' title="bbox 202 3365 1263 3469; baseline -0.002 -16"><span class='ocrx_word' id='word_1_300' title='bbox 202 3401 263 3468; x_wconf 69' lang='grc'>***)</span> <span class='ocrx_word' id='word_1_301' title='bbox 283 3403 328 3453; x_wconf 85' lang='lat' dir='ltr'>Sic</span> <span class='ocrx_word' id='word_1_302' title='bbox 352 3403 445 3453; x_wconf 88' lang='lat' dir='ltr'>Plass.</span> <span class='ocrx_word' id='word_1_303' title='bbox 469 3402 522 3452; x_wconf 89' lang='lat' dir='ltr'>Die</span> <span class='ocrx_word' id='word_1_304' title='bbox 544 3403 725 3466; x_wconf 86' lang='lat' dir='ltr'>Tyrannisl.</span> <span class='ocrx_word' id='word_1_305' title='bbox 749 3419 775 3469; x_wconf 93' lang='lat' dir='ltr'>p.</span> <span class='ocrx_word' id='word_1_306' title='bbox 797 3403 831 3454; x_wconf 83' lang='lat'>52</span> <span class='ocrx_word' id='word_1_307' title='bbox 849 3418 923 3468; x_wconf 89' lang='lat' dir='ltr'>seqq</span> <span class='ocrx_word' id='word_1_308' title='bbox 944 3400 1006 3452; x_wconf 86' lang='lat' dir='ltr'>coll.</span> <span class='ocrx_word' id='word_1_309' title='bbox 1028 3365 1071 3452; x_wconf 86' lang='grc'>57.</span> <span class='ocrx_word' id='word_1_310' title='bbox 1095 3402 1225 3453; x_wconf 80' lang='lat' dir='ltr'>Heusel.</span> <span class='ocrx_word' id='word_1_311' title='bbox 1244 3401 1263 3451; x_wconf 91' lang='lat' dir='ltr'>l.</span> 
     </span>
     <span class='ocr_line' id='line_1_35' title="bbox 153 3473 257 3522; baseline 0 -1"><span class='ocrx_word' id='word_1_312' title='bbox 153 3487 168 3521; x_wconf 82' lang='lat' dir='ltr'>s</span> <span class='ocrx_word' id='word_1_313' title='bbox 214 3473 257 3522; x_wconf 91' lang='grc'>77</span> 
     </span>
     <span class='ocr_line' id='line_1_36' title="bbox 133 3487 1265 3606; baseline -0.002 -14"><span class='ocrx_word' id='word_1_314' title='bbox 133 3487 149 3537; x_wconf 69' lang='lat' dir='ltr'><strong>p</strong></span> <span class='ocrx_word' id='word_1_315' title='bbox 170 3487 197 3537; x_wconf 58' lang='lat' dir='ltr'>g</span> <span class='ocrx_word' id='word_1_316' title='bbox 202 3541 233 3606; x_wconf 87' lang='lat'>†)</span> <span class='ocrx_word' id='word_1_317' title='bbox 251 3542 282 3592; x_wconf 92' lang='lat' dir='ltr'>ln</span> <span class='ocrx_word' id='word_1_318' title='bbox 291 3541 424 3592; x_wconf 84' lang='lat' dir='ltr'>Herodoti</span> <span class='ocrx_word' id='word_1_319' title='bbox 436 3541 497 3590; x_wconf 89' lang='lat' dir='ltr'>loco</span> <span class='ocrx_word' id='word_1_320' title='bbox 507 3537 655 3597; x_wconf 78' lang='grc' dir='ltr'><strong><em>Τελέοντες</em></strong></span> <span class='ocrx_word' id='word_1_321' title='bbox 669 3541 801 3605; x_wconf 82' lang='lat' dir='ltr'>praebent</span> <span class='ocrx_word' id='word_1_322' title='bbox 811 3541 863 3592; x_wconf 90' lang='lat' dir='ltr'>dno</span> <span class='ocrx_word' id='word_1_323' title='bbox 876 3541 937 3592; x_wconf 86' lang='lat' dir='ltr'>libri</span> <span class='ocrx_word' id='word_1_324' title='bbox 948 3545 975 3589; x_wconf 85' lang='lat' dir='ltr'>ei</span> <span class='ocrx_word' id='word_1_325' title='bbox 987 3540 1265 3602; x_wconf 83' lang='lat' dir='ltr'>editioGronovians‚</span> 
     </span>
     <span class='ocr_line' id='line_1_37' title="bbox 132 3578 1266 3676; baseline -0.002 -16"><span class='ocrx_word' id='word_1_326' title='bbox 132 3627 166 3661; x_wconf 88' lang='lat' dir='ltr'>ex</span> <span class='ocrx_word' id='word_1_327' title='bbox 184 3612 307 3662; x_wconf 82' lang='lat' dir='ltr'>Mediceo</span> <span class='ocrx_word' id='word_1_328' title='bbox 321 3612 448 3673; x_wconf 78' lang='lat' dir='ltr'>fortusse,</span> <span class='ocrx_word' id='word_1_329' title='bbox 461 3616 492 3660; x_wconf 87' lang='lat' dir='ltr'>ut</span> <span class='ocrx_word' id='word_1_330' title='bbox 504 3615 582 3674; x_wconf 82' lang='lat' dir='ltr'>putat</span> <span class='ocrx_word' id='word_1_331' title='bbox 594 3609 884 3676; x_wconf 73' lang='lat' dir='ltr'>Schweighaeuserus:</span> <span class='ocrx_word' id='word_1_332' title='bbox 898 3609 977 3663; x_wconf 82' lang='lat' dir='ltr'>Valla</span> <span class='ocrx_word' id='word_1_333' title='bbox 987 3625 1110 3676; x_wconf 85' lang='lat' dir='ltr'>unusque</span> <span class='ocrx_word' id='word_1_334' title='bbox 1124 3578 1266 3661; x_wconf 86' lang='lat' dir='ltr'>Parisinus</span> 
     </span>
     <span class='ocr_line' id='line_1_38' title="bbox 134 3676 1264 3746; baseline -0.001 -17"><span class='ocrx_word' id='word_1_335' title='bbox 134 3681 219 3732; x_wconf 79' lang='lat' dir='ltr'>hebet</span> <span class='ocrx_word' id='word_1_336' title='bbox 235 3697 263 3744; x_wconf 80' lang='grc' dir='ltr'>γε</span> <span class='ocrx_word' id='word_1_337' title='bbox 276 3677 399 3743; x_wconf 70' lang='grc' dir='ltr'>1έοντες;</span> <span class='ocrx_word' id='word_1_338' title='bbox 419 3681 596 3731; x_wconf 83' lang='lat' dir='ltr'>Florentinus</span> <span class='ocrx_word' id='word_1_339' title='bbox 612 3685 641 3730; x_wconf 87' lang='lat' dir='ltr'>el</span> <span class='ocrx_word' id='word_1_340' title='bbox 653 3680 751 3746; x_wconf 88' lang='lat' dir='ltr'>reliqui</span> <span class='ocrx_word' id='word_1_341' title='bbox 764 3683 842 3732; x_wconf 86' lang='lat' dir='ltr'>codd.</span> <span class='ocrx_word' id='word_1_342' title='bbox 859 3683 901 3732; x_wconf 84' lang='grc' dir='ltr'>Γε</span> <span class='ocrx_word' id='word_1_343' title='bbox 911 3676 1066 3738; x_wconf 75' lang='grc' dir='ltr'>λέοντεςτ</span> <span class='ocrx_word' id='word_1_344' title='bbox 1087 3681 1158 3746; x_wconf 89' lang='lat' dir='ltr'>quod</span> <span class='ocrx_word' id='word_1_345' title='bbox 1171 3695 1264 3728; x_wconf 84' lang='lat' dir='ltr'>verum</span> 
     </span>
     <span class='ocr_line' id='line_1_39' title="bbox 134 3749 1112 3815; baseline -0.001 -15"><span class='ocrx_word' id='word_1_346' title='bbox 134 3765 193 3801; x_wconf 84' lang='lat' dir='ltr'>esse</span> <span class='ocrx_word' id='word_1_347' title='bbox 209 3750 308 3801; x_wconf 87' lang='lat' dir='ltr'>dudam</span> <span class='ocrx_word' id='word_1_348' title='bbox 322 3752 429 3802; x_wconf 85' lang='lat' dir='ltr'>viderat</span> <span class='ocrx_word' id='word_1_349' title='bbox 446 3749 610 3815; x_wconf 74' lang='lat' dir='ltr'>Wesselinq.</span> <span class='ocrx_word' id='word_1_350' title='bbox 625 3752 651 3799; x_wconf 89' lang='lat' dir='ltr'>in</span> <span class='ocrx_word' id='word_1_351' title='bbox 667 3751 784 3803; x_wconf 83' lang='lat' dir='ltr'>Dissert.</span> <span class='ocrx_word' id='word_1_352' title='bbox 801 3752 932 3802; x_wconf 87' lang='lat' dir='ltr'>Herodot.</span> <span class='ocrx_word' id='word_1_353' title='bbox 945 3751 994 3800; x_wconf 87' lang='lat' dir='ltr'>Xl.</span> <span class='ocrx_word' id='word_1_354' title='bbox 1011 3767 1037 3815; x_wconf 88' lang='lat' dir='ltr'>p.</span> <span class='ocrx_word' id='word_1_355' title='bbox 1053 3751 1112 3800; x_wconf 83' lang='grc'><strong>1114.</strong></span> 
     </span>
    </p>

    <p class='ocr_par' dir='ltr' id='par_1_9' title="bbox 131 3819 1266 4082">
     <span class='ocr_line' id='line_1_40' title="bbox 203 3819 1266 3884; baseline -0.004 -14"><span class='ocrx_word' id='word_1_356' title='bbox 203 3820 253 3884; x_wconf 87' lang='lat'>††)</span> <span class='ocrx_word' id='word_1_357' title='bbox 267 3822 295 3871; x_wconf 90' lang='lat' dir='ltr'>iu</span> <span class='ocrx_word' id='word_1_358' title='bbox 309 3823 440 3872; x_wconf 77' lang='lat' dir='ltr'>Adnotet.</span> <span class='ocrx_word' id='word_1_359' title='bbox 455 3819 642 3871; x_wconf 82' lang='lat' dir='ltr'>adPlularch.</span> <span class='ocrx_word' id='word_1_360' title='bbox 661 3819 679 3871; x_wconf 94' lang='lat' dir='ltr'>l.</span> <span class='ocrx_word' id='word_1_361' title='bbox 698 3820 714 3870; x_wconf 92' lang='lat' dir='ltr'>l.</span> <span class='ocrx_word' id='word_1_362' title='bbox 729 3821 798 3871; x_wconf 83' lang='lat' dir='ltr'>Add.</span> <span class='ocrx_word' id='word_1_363' title='bbox 814 3824 845 3872; x_wconf 85' lang='lat' dir='ltr'>E.</span> <span class='ocrx_word' id='word_1_364' title='bbox 861 3824 897 3872; x_wconf 88' lang='grc' dir='ltr'><strong>Η.</strong></span> <span class='ocrx_word' id='word_1_365' title='bbox 911 3822 943 3872; x_wconf 88' lang='grc' dir='ltr'><strong>Ο.</strong></span> <span class='ocrx_word' id='word_1_366' title='bbox 956 3819 1086 3871; x_wconf 80' lang='lat' dir='ltr'>Mueller:</span> <span class='ocrx_word' id='word_1_367' title='bbox 1107 3821 1149 3869; x_wconf 95' lang='lat' dir='ltr'>De</span> <span class='ocrx_word' id='word_1_368' title='bbox 1169 3819 1266 3883; x_wconf 87' lang='lat' dir='ltr'>priscis</span> 
     </span>
     <span class='ocr_line' id='line_1_41' title="bbox 133 3889 1265 3956; baseline 0 -18"><span class='ocrx_word' id='word_1_369' title='bbox 133 3889 180 3942; x_wconf 90' lang='lat' dir='ltr'>IV.</span> <span class='ocrx_word' id='word_1_370' title='bbox 198 3891 290 3954; x_wconf 89' lang='lat' dir='ltr'>populi</span> <span class='ocrx_word' id='word_1_371' title='bbox 304 3891 401 3943; x_wconf 82' lang='lat' dir='ltr'>Athen.</span> <span class='ocrx_word' id='word_1_372' title='bbox 418 3891 499 3941; x_wconf 82' lang='lat' dir='ltr'>tribb.</span> <span class='ocrx_word' id='word_1_373' title='bbox 515 3891 583 3955; x_wconf 81' lang='lat' dir='ltr'>orig.</span> <span class='ocrx_word' id='word_1_374' title='bbox 598 3905 660 3955; x_wconf 81' lang='lat' dir='ltr'>pag.</span> <span class='ocrx_word' id='word_1_375' title='bbox 676 3891 718 3940; x_wconf 85' lang='grc'><strong>81.</strong></span> <span class='ocrx_word' id='word_1_376' title='bbox 732 3907 808 3956; x_wconf 86' lang='lat' dir='ltr'>seqq.</span> <span class='ocrx_word' id='word_1_377' title='bbox 842 3893 873 3942; x_wconf 95' lang='lat' dir='ltr'>In</span> <span class='ocrx_word' id='word_1_378' title='bbox 892 3893 962 3942; x_wconf 80' lang='lat' dir='ltr'>hunc</span> <span class='ocrx_word' id='word_1_379' title='bbox 978 3891 1143 3942; x_wconf 83' lang='lat' dir='ltr'>seutentiam</span> <span class='ocrx_word' id='word_1_380' title='bbox 1157 3904 1265 3953; x_wconf 91' lang='lat' dir='ltr'>quoque</span> 
     </span>
     <span class='ocr_line' id='line_1_42' title="bbox 131 3957 1266 4027; baseline 0.001 -19"><span class='ocrx_word' id='word_1_381' title='bbox 131 3960 212 4022; x_wconf 81' lang='lat' dir='ltr'>Muys</span> <span class='ocrx_word' id='word_1_382' title='bbox 228 3957 439 4024; x_wconf 79' lang='lat' dir='ltr'>(Griechenlaud</span> <span class='ocrx_word' id='word_1_383' title='bbox 456 3976 482 4011; x_wconf 91' lang='lat' dir='ltr'>u.</span> <span class='ocrx_word' id='word_1_384' title='bbox 499 3961 547 4011; x_wconf 90' lang='lat' dir='ltr'>der</span> <span class='ocrx_word' id='word_1_385' title='bbox 564 3959 661 4010; x_wconf 85' lang='lat' dir='ltr'>Oricnt</span> <span class='ocrx_word' id='word_1_386' title='bbox 672 3976 698 4024; x_wconf 90' lang='lat' dir='ltr'>p.</span> <span class='ocrx_word' id='word_1_387' title='bbox 716 3959 750 4012; x_wconf 82' lang='lat'>33</span> <span class='ocrx_word' id='word_1_388' title='bbox 765 3959 834 4027; x_wconf 86' lang='lat' dir='ltr'>seq.)</span> <span class='ocrx_word' id='word_1_389' title='bbox 848 3961 992 4013; x_wconf 86' lang='lat' dir='ltr'>Geleontes</span> <span class='ocrx_word' id='word_1_390' title='bbox 1014 3963 1210 4024; x_wconf 80' lang='lat' dir='ltr'>interpretatus</span> <span class='ocrx_word' id='word_1_391' title='bbox 1224 3965 1266 4009; x_wconf 88' lang='lat' dir='ltr'>est</span> 
     </span>
     <span class='ocr_line' id='line_1_43' title="bbox 131 4032 451 4082; baseline 0.013 -4"><span class='ocrx_word' id='word_1_392' title='bbox 131 4032 274 4080; x_wconf 76' lang='lat' dir='ltr'>calcatores</span> <span class='ocrx_word' id='word_1_393' title='bbox 288 4047 311 4080; x_wconf 85' lang='lat' dir='ltr'>s.</span> <span class='ocrx_word' id='word_1_394' title='bbox 324 4039 451 4082; x_wconf 81' lang='lat' dir='ltr'>aratores.</span> 
     </span>
    </p>

    <p class='ocr_par' dir='ltr' id='par_1_10' title="bbox 131 4097 1266 4373">
     <span class='ocr_line' id='line_1_44' title="bbox 202 4097 1265 4165; baseline -0.003 -15"><span class='ocrx_word' id='word_1_395' title='bbox 202 4099 274 4162; x_wconf 89' lang='lat'>†††)</span> <span class='ocrx_word' id='word_1_396' title='bbox 289 4100 351 4150; x_wconf 89' lang='lat' dir='ltr'>Vid.</span> <span class='ocrx_word' id='word_1_397' title='bbox 363 4099 442 4165; x_wconf 82' lang='lat' dir='ltr'>Corp.</span> <span class='ocrx_word' id='word_1_398' title='bbox 456 4099 542 4150; x_wconf 86' lang='lat' dir='ltr'>Inscr.</span> <span class='ocrx_word' id='word_1_399' title='bbox 554 4099 667 4152; x_wconf 71' lang='lat' dir='ltr'>Graece.</span> <span class='ocrx_word' id='word_1_400' title='bbox 680 4097 740 4150; x_wconf 91' lang='lat' dir='ltr'>Vol.</span> <span class='ocrx_word' id='word_1_401' title='bbox 753 4099 792 4152; x_wconf 92' lang='lat'>11.</span> <span class='ocrx_word' id='word_1_402' title='bbox 804 4115 845 4152; x_wconf 88' lang='lat' dir='ltr'>nr.</span> <span class='ocrx_word' id='word_1_403' title='bbox 857 4098 935 4150; x_wconf 87' lang='grc'><strong>3078.</strong></span> <span class='ocrx_word' id='word_1_404' title='bbox 945 4099 1023 4148; x_wconf 80' lang='grc'><strong>3079.</strong></span> <span class='ocrx_word' id='word_1_405' title='bbox 1037 4113 1101 4163; x_wconf 67' lang='lat' dir='ltr'>pag.</span> <span class='ocrx_word' id='word_1_406' title='bbox 1111 4097 1163 4148; x_wconf 83' lang='grc'>670</span> <span class='ocrx_word' id='word_1_407' title='bbox 1175 4097 1265 4162; x_wconf 86' lang='lat' dir='ltr'>ibique</span> 
     </span>
     <span class='ocr_line' id='line_1_45' title="bbox 131 4166 1265 4229; baseline 0 -13"><span class='ocrx_word' id='word_1_408' title='bbox 131 4167 265 4228; x_wconf 86' lang='lat' dir='ltr'>Boeclrh.;</span> <span class='ocrx_word' id='word_1_409' title='bbox 278 4169 393 4219; x_wconf 89' lang='lat' dir='ltr'>eundem</span> <span class='ocrx_word' id='word_1_410' title='bbox 411 4170 446 4220; x_wconf 87' lang='lat' dir='ltr'>ci.</span> <span class='ocrx_word' id='word_1_411' title='bbox 467 4171 495 4218; x_wconf 91' lang='lat' dir='ltr'>in</span> <span class='ocrx_word' id='word_1_412' title='bbox 508 4169 630 4219; x_wconf 87' lang='lat' dir='ltr'>Prooem.</span> <span class='ocrx_word' id='word_1_413' title='bbox 649 4168 727 4218; x_wconf 89' lang='lat' dir='ltr'>lndd.</span> <span class='ocrx_word' id='word_1_414' title='bbox 740 4169 830 4223; x_wconf 80' lang='lat' dir='ltr'>Lecti.</span> <span class='ocrx_word' id='word_1_415' title='bbox 845 4167 945 4218; x_wconf 86' lang='lat' dir='ltr'>Beroll.</span> <span class='ocrx_word' id='word_1_416' title='bbox 961 4167 1025 4218; x_wconf 84' lang='lat'>1812</span> <span class='ocrx_word' id='word_1_417' title='bbox 1046 4167 1113 4229; x_wconf 85' lang='lat' dir='ltr'>(vid.</span> <span class='ocrx_word' id='word_1_418' title='bbox 1131 4166 1265 4217; x_wconf 82' lang='lat' dir='ltr'>Seebode:</span> 
     </span>
     <span class='ocr_line' id='line_1_46' title="bbox 131 4236 1266 4304; baseline 0 -18"><span class='ocrx_word' id='word_1_419' title='bbox 131 4237 232 4288; x_wconf 79' lang='lat' dir='ltr'>Archiv</span> <span class='ocrx_word' id='word_1_420' title='bbox 252 4239 271 4290; x_wconf 86' lang='lat' dir='ltr'>i.</span> <span class='ocrx_word' id='word_1_421' title='bbox 285 4238 383 4290; x_wconf 89' lang='lat' dir='ltr'>Philol.</span> <span class='ocrx_word' id='word_1_422' title='bbox 407 4238 463 4289; x_wconf 87' lang='lat' dir='ltr'>oud</span> <span class='ocrx_word' id='word_1_423' title='bbox 479 4239 634 4304; x_wconf 79' lang='lat' dir='ltr'>Puedsgog.</span> <span class='ocrx_word' id='word_1_424' title='bbox 650 4239 706 4302; x_wconf 86' lang='lat'>111,</span> <span class='ocrx_word' id='word_1_425' title='bbox 722 4237 747 4290; x_wconf 88' lang='grc'><strong>3.</strong></span> <span class='ocrx_word' id='word_1_426' title='bbox 760 4255 825 4304; x_wconf 75' lang='lat' dir='ltr'>pag.</span> <span class='ocrx_word' id='word_1_427' title='bbox 846 4239 880 4288; x_wconf 78' lang='lat'>52</span> <span class='ocrx_word' id='word_1_428' title='bbox 902 4242 959 4287; x_wconf 91' lang='lat' dir='ltr'>not.</span> <span class='ocrx_word' id='word_1_429' title='bbox 975 4236 1013 4302; x_wconf 85' lang='lat'>9).</span> <span class='ocrx_word' id='word_1_430' title='bbox 1041 4236 1201 4287; x_wconf 79' lang='lat' dir='ltr'>Grotelend:</span> <span class='ocrx_word' id='word_1_431' title='bbox 1223 4239 1266 4287; x_wconf 80' lang='lat' dir='ltr'>De</span> 
     </span>
     <span class='ocr_line' id='line_1_47' title="bbox 132 4306 694 4373; baseline 0.002 -17"><span class='ocrx_word' id='word_1_432' title='bbox 132 4306 201 4360; x_wconf 86' lang='lat' dir='ltr'>dom</span> <span class='ocrx_word' id='word_1_433' title='bbox 220 4313 248 4356; x_wconf 91' lang='lat' dir='ltr'>et</span> <span class='ocrx_word' id='word_1_434' title='bbox 263 4309 341 4372; x_wconf 82' lang='lat' dir='ltr'>pagis</span> <span class='ocrx_word' id='word_1_435' title='bbox 357 4310 460 4359; x_wconf 81' lang='lat' dir='ltr'>Attico.</span> <span class='ocrx_word' id='word_1_436' title='bbox 477 4323 539 4373; x_wconf 83' lang='lat' dir='ltr'>pag.</span> <span class='ocrx_word' id='word_1_437' title='bbox 556 4307 580 4359; x_wconf 82' lang='grc' dir='ltr'><strong>Β.</strong></span> <span class='ocrx_word' id='word_1_438' title='bbox 598 4313 653 4358; x_wconf 89' lang='lat' dir='ltr'>not.</span> <span class='ocrx_word' id='word_1_439' title='bbox 667 4307 694 4357; x_wconf 88' lang='grc'><strong>3.</strong></span> 
     </span>
    </p>

    <p class='ocr_par' dir='ltr' id='par_1_11' title="bbox 202 4375 1264 4444">
     <span class='ocr_line' id='line_1_48' title="bbox 202 4375 1264 4444; baseline 0.002 -20"><span class='ocrx_word' id='word_1_440' title='bbox 202 4376 249 4442; x_wconf 90' lang='lat'>*†)</span> <span class='ocrx_word' id='word_1_441' title='bbox 264 4379 326 4428; x_wconf 86' lang='lat' dir='ltr'>Vici.</span> <span class='ocrx_word' id='word_1_442' title='bbox 337 4377 454 4444; x_wconf 83' lang='lat' dir='ltr'>Csylns:</span> <span class='ocrx_word' id='word_1_443' title='bbox 467 4377 619 4428; x_wconf 85' lang='lat' dir='ltr'>Recueild&#39;</span> <span class='ocrx_word' id='word_1_444' title='bbox 628 4377 766 4442; x_wconf 79' lang='lat' dir='ltr'>Antiquit.</span> <span class='ocrx_word' id='word_1_445' title='bbox 781 4377 817 4426; x_wconf 91' lang='lat'>11.</span> <span class='ocrx_word' id='word_1_446' title='bbox 832 4377 888 4426; x_wconf 81' lang='lat' dir='ltr'>tub.</span> <span class='ocrx_word' id='word_1_447' title='bbox 903 4375 938 4427; x_wconf 80' lang='lat'>59</span> <span class='ocrx_word' id='word_1_448' title='bbox 951 4391 1009 4440; x_wconf 86' lang='lat' dir='ltr'>seq.</span> <span class='ocrx_word' id='word_1_449' title='bbox 1022 4375 1056 4429; x_wconf 84' lang='grc'>69</span> <span class='ocrx_word' id='word_1_450' title='bbox 1071 4391 1128 4442; x_wconf 90' lang='lat' dir='ltr'>seq</span> <span class='ocrx_word' id='word_1_451' title='bbox 1144 4379 1171 4427; x_wconf 87' lang='lat' dir='ltr'>et</span> <span class='ocrx_word' id='word_1_452' title='bbox 1184 4377 1264 4443; x_wconf 85' lang='lat' dir='ltr'>Corp.</span> 
     </span>
    </p>
   </div>
   <div class='ocr_carea' id='block_1_6' title="bbox 132 4445 1264 4593">
    <p class='ocr_par' dir='ltr' id='par_1_12' title="bbox 132 4445 1264 4593">
     <span class='ocr_line' id='line_1_49' title="bbox 132 4445 1264 4532; baseline 0 -35"><span class='ocrx_word' id='word_1_453' title='bbox 132 4445 247 4502; x_wconf 78' lang='lat' dir='ltr'>Graece.</span> <span class='ocrx_word' id='word_1_454' title='bbox 262 4447 390 4515; x_wconf 84' lang='lat' dir='ltr'>inscript.</span> <span class='ocrx_word' id='word_1_455' title='bbox 405 4447 465 4502; x_wconf 87' lang='lat' dir='ltr'>Vol.</span> <span class='ocrx_word' id='word_1_456' title='bbox 478 4447 516 4497; x_wconf 91' lang='lat'>11.</span> <span class='ocrx_word' id='word_1_457' title='bbox 532 4463 573 4498; x_wconf 89' lang='lat' dir='ltr'>ur.</span> <span class='ocrx_word' id='word_1_458' title='bbox 586 4445 654 4499; x_wconf 77' lang='grc'><strong>3631</strong></span> <span class='ocrx_word' id='word_1_459' title='bbox 669 4448 761 4514; x_wconf 86' lang='lat' dir='ltr'>rbrque</span> <span class='ocrx_word' id='word_1_460' title='bbox 773 4445 893 4498; x_wconf 77' lang='lat' dir='ltr'>Boecirh</span> <span class='ocrx_word' id='word_1_461' title='bbox 901 4461 976 4532; x_wconf 69' lang='lat' dir='ltr'>pag.</span> <span class='ocrx_word' id='word_1_462' title='bbox 990 4445 1042 4498; x_wconf 80' lang='grc'><strong>1120</strong></span> <span class='ocrx_word' id='word_1_463' title='bbox 1053 4461 1111 4514; x_wconf 88' lang='lat' dir='ltr'>seq</span> <span class='ocrx_word' id='word_1_464' title='bbox 1123 4449 1175 4498; x_wconf 77' lang='lat'>922</span> <span class='ocrx_word' id='word_1_465' title='bbox 1187 4461 1264 4515; x_wconf 83' lang='lat' dir='ltr'>seqq</span> 
     </span>
     <span class='ocr_line' id='line_1_50' title="bbox 867 4529 1069 4593; baseline 0.025 -29"><span class='ocrx_word' id='word_1_466' title='bbox 867 4553 874 4564; x_wconf 95' lang='lat'>.</span> <span class='ocrx_word' id='word_1_467' title='bbox 1001 4532 1039 4593; x_wconf 75' lang='lat'>51</span> <span class='ocrx_word' id='word_1_468' title='bbox 1052 4529 1069 4569; x_wconf 52' lang='grc' dir='ltr'>ᾖ</span> 
     </span>
    </p>
   </div>
   <div class='ocr_carea' id='block_1_7' title="bbox 0 0 1498 5014">
    <p class='ocr_par' dir='ltr' id='par_1_13' title="bbox 0 0 1498 5014">
     <span class='ocr_line' id='line_1_51' title="bbox 0 0 1498 5014; baseline 0 2"><span class='ocrx_word' id='word_1_469' title='bbox 0 0 1498 5014; x_wconf 95' lang='lat' dir='ltr'> </span> 
     </span>
    </p>
   </div>
  </div>
 </body>
</html>
