3062 4976
583 371 763 434 ERATO.
786 371 842 433 VI.
868 381 927 434 108.

1258 369 1319 432 ³79

188 559 307 620 λευον·
337 552 371 618 οἱ
388 547 425 618 dl
447 543 509 618 οὐκ
528 543 733 636 ἠπίστησαν,
756 541 829 614 ἀλλ’
849 540 1040 632 Ἀθηναίων
1060 539 1116 632 ipsi
1132 542 1321 614 ποιεύντων

136 668 279 728 rectora
300 652 431 722 δώδεκα
452 663 564 722 θεοῖσι
584 653 689 722 ἱκέται
709 648 852 736 ἱζόμενοι
873 650 927 718 ἐπὶ
947 646 1005 718 τὸν
1026 645 1143 736 βωμὸν
1162 651 1320 717 ἐδίδοσαν

188 759 292 844 σφέας
306 753 439 836 αὐτούς.
481 762 623 844 Θηβαῖοι
639 752 676 824 dl
689 752 877 841 πυθόμενοι
891 756 995 820 ταῦτα
1009 749 1248 842 ἐστρατεύοντο
1267 753 1321 821 ἐπὶ

188 858 266 939 τούς
280 862 482 943 Πλαταιέας,
508 856 681 946 Ἀθηναῖοι
707 859 747 926 δέ
766 879 826 941 σφι
851 853 1026 943 ἐβοήθεον.
1068 854 1262 944 μελλόντων
1284 855 1321 924 δὲ

188 961 372 1032 συνάπτειν
398 962 507 1051 μάχην
525 968 705 1049 Κορίνθιοι
727 957 768 1029 ori
787 964 972 1047 περιεῖδον·
1011 956 1258 1047 παρατυχόντες
1284 959 1322 1028 dl

190 1068 245 1136 καὶ
266 1066 545 1150 καταλλάξαντες,
572 1063 823 1152 ἐπιτρεψάντων
848 1059 1066 1150 ἀμφοτέρων,
1099 1058 1241 1152 οὔρισαν
1261 1061 1323 1151 τὴν

190 1169 302 1258 χάραν
322 1172 377 1238 ἐπὶ
397 1175 528 1240 τοῖσδε·
553 1171 613 1238 ἐάν
627 1173 796 1256 Θηβαίους
816 1171 974 1236 Βοιωτῶν
995 1163 1072 1248 τούς
1091 1164 1136 1255 μὴ
1157 1170 1321 1255 βουλομέ-

190 1300 272 1352 νους
294 1275 327 1354 ἐς
346 1269 515 1352 Βοιωτούς
533 1273 669 1340 τελέειν.
709 1276 890 1358 Κορίνθιοι
917 1269 980 1356 μὲν
1001 1268 1042 1359 δὴ
1061 1274 1166 1340 ταῦτα
1186 1270 1323 1357 γνόντες

191 1373 452 1446 ἀπαλλάσσοντο.
489 1374 701 1464 Ἀθηναίοισι
719 1373 756 1443 dl
777 1370 915 1443 ἀπιοῦσι
940 1374 1149 1464 ἐπεθήκαντο
1170 1375 1322 1459 Βοιωτοὶ,

125 1583 126 1586 ’
193 1599 247 1648 qua
271 1597 288 1630 a
313 1581 431 1632 caeteris
455 1581 583 1647 gentibus
603 1597 633 1632 se
653 1597 733 1646 quarn
784 1580 863 1642 Quod
880 1579 1005 1644 sequitur
1025 1570 1053 1638 fc
1067 1575 1209 1638 Βοιωτοὺς
1221 1579 1324 1630 τελέειν

193 1653 309 1702 maxima
327 1667 432 1716 semper
454 1651 638 1715 segregatim,
659 1651 733 1701 inde·
784 1650 923 1702 illust-rant
944 1649 1046 1700 similes
1061 1649 1116 1700 loci
1136 1649 1193 1712 111,
1209 1650 1251 1700 3-1.
1274 1651 1324 1712 VI,

193 1737 245 1787 que
258 1737 317 1772 eam
330 1720 508 1770 calliditatem
525 1720 648 1786 aliosque
660 1721 735 1770 frau·
783 1721 830 1777 53.
849 1719 897 1770 ubi
915 1719 970 1770 vid.
989 1724 1058 1773 nott.
1085 1721 1193 1771 Etenim
1212 1721 1323 1770 verbum

193 1790 275 1840 dandi
289 1797 316 1840 et
329 1790 482 1854 decipiendi
496 1791 625 1851 studium,
639 1791 733 1855 inquo
783 1788 886 1852 rateto,
905 1790 977 1854 qnod
990 1790 1106 1840 tributum
1117 1792 1229 1853 pendere
1242 1791 1326 1855 signi-

193 1867 285 1912 tameu
303 1864 331 1910 et
349 1861 409 1924 ipso
426 1860 560 1909 maximus
579 1860 686 1924 patriae
705 1875 734 1908 a·
767 1860 859 1912 nest.
881 1858 942 1908 dein
957 1859 991 1909 ad
1010 1875 1056 1910 eos
1075 1860 1256 1922 transfertur,
1276 1860 1324 1924 qui

193 1947 251 1981 mor
268 1929 396 1992 latuerit,
416 1930 505 1994 repeti
524 1927 595 1992 vult,
614 1930 649 1978 ab
669 1929 733 1979 aliis
784 1928 855 1993 quod
869 1928 1001 1978 tributum
1015 1933 1119 1980 eertum
1131 1930 1191 1980 sive
1204 1945 1323 1979 annuum

193 2007 337 2064 tantopere
365 1998 566 2064 reprehensum.
606 2001 642 2049 Et
666 2014 733 2049 sane
784 1999 842 2048 sive
858 2003 1024 2048 menstruum
1040 1999 1175 2062 pendunt,
1195 2005 1325 2049 certoor-

194 2071 240 2135 qui
252 2084 356 2120 oronam
369 2071 507 2119 Laconum
526 2084 581 2118 rem
596 2067 732 2133 publicam
784 2067 841 2116 dini
855 2084 876 2118 s.
890 2065 974 2116 classi
983 2067 1107 2118 civitatis
1116 2067 1250 2132 adscripti
1261 2072 1325 2118 sunt

193 2142 321 2202 vitaeque
344 2141 476 2188 rationem
497 2139 654 2189 accuratius
673 2153 734 2202 per·
784 2153 807 2189 s.
826 2137 914 2186 locum
936 2138 964 2186 in
984 2137 1224 2188 confoederatione
1247 2153 1325 2186 suurn

195 2209 328 2274 spexerit,
346 2209 392 2258 vix
409 2208 561 2271 dubitabit,
584 2209 649 2274 quin
665 2207 733 2257 talia
785 2205 909 2256 obtinent
936 2205 1079 2270 (συνετοὶ),
1108 2206 1165 2256 vid.
1189 2206 1324 2257 Boeckba

195 2278 521 2330 orsummoistoamore
538 2279 659 2344 patriae,
679 2292 734 2342 qua
785 2274 1021 2326 Stsatsbaushalt.
1035 2275 1060 2326 d.
1075 2275 1173 2326 Athen.
1188 2277 1209 2325 Ι.
1224 2293 1250 2350 p.
1264 2275 1325 2326 1151.

194 2347 262 2398 nihil
279 2345 332 2398 illis
352 2348 404 2398 fuit
423 2348 575 2414 antiquius,
596 2353 657 2398 orta
674 2362 734 2398 osse
785 2345 852 2396 lude
867 2343 1182 2410 Schweighaeuserush.
1195 2345 1212 2396 l.
1223 2331 1325 2394 rcddit:

196 2418 281 2468 dicat.
786 2433 848 2479 „qai
845 2415 1008 2464 Boeotonrm
1017 2418 1135 2466 comneni
1150 2412 1276 2480 [foederi]
1287 2422 1327 2464 ut·

150 2533 155 2544 ,
230 2480 301 2536 ordi
317 2473 556 2568 ονκήπίστησμν]
578 2486 596 2536 i.
612 2502 635 2535 s.
649 2487 758 2558 illice-9
786 2451 861 2536 irioni
879 2485 1002 2536 nollent.u
1033 2485 1147 2536 Videtur
1167 2489 1257 2535 autem
1276 2483 1327 2534 bac

195 2573 226 2608 ro
240 2557 287 2607 lece
297 2557 421 2607 consutum
432 2557 511 2604 secari
525 2563 588 2605 runt
617 2555 736 2606 Verbum
786 2555 926 2606 locutione
939 2555 1039 2620 respici
1032 2554 1087 2604 'ad
1099 2553 1195 2605 foedus
1211 2555 1328 2605 Boeoto·

193 2627 325 2676 απιστειν
339 2626 421 2690 attigi
434 2625 470 2676 ad
484 2625 542 2687 111
558 2627 598 2676 15.
625 2625 737 2675 Addunt
787 2641 844 2676 ruur
864 2623 909 2686 (de
926 2624 1063 2689 quoconf.
1082 2624 1252 2674 citataadV
1260 2623 1327 2687 ,79)

196 2698 362 2760 Harpocrat.
383 2710 457 2758 pag.
452 2694 516 2755 50,
537 2695 584 2760 qui
604 2687 736 2744 άπιστειν
788 2699 817 2746 et
828 2694 863 2744 ad
876 2694 1004 2746 civitates
1021 2693 1073 2744 hoc
1086 2693 1193 2744 foedere
1209 2709 1329 2758 compre

196 2756 651 2844 εοείλιίΙμοοίαντλτουιὶπειθείν,
663 2766 738 2845 item:
787 2765 903 2823 bonnas,
922 2779 992 2830 quae
1011 2763 1171 2814 dicebantur
1189 2763 1330 2818 συντελεῖς

196 2837 360 2902 queZonar.
374 2850 435 2900 pag.
448 2825 646 2890 231ἄπιστος·
668 2825 738 2898 ὁμὴ
790 2834 857 2899 (vid.
872 2833 990 2884 Boeclrh.
1012 2833 1031 2884 l.
1052 2833 1070 2884 l.
1088 2833 1111 2884 Ι.
1131 2833 1229 2897 μ..515
1249 2833 1286 2882 ΙΙ.
1302 2847 1328 2897 p.

196 2897 1004 2967 πειθόμενος.11113.705),οστο
1018 2918 1095 2954 suam
1107 2902 1240 2953 baberent
1251 2903 1331 2952 ditio-

231 2974 272 3025 Ad
285 2965 478 3024 locutionem
466 2962 515 3034 ιρά
527 2974 621 3022 ποιεῖν
640 2971 676 3022 cf.
689 2973 738 3031 Vl,
789 2990 850 3024 nem
860 2978 942 3038 atque
952 2989 1007 3024 rem
1017 2972 1153 3039 publicam
1165 2977 1195 3022 et
1203 2974 1246 3022 aui
1256 2987 1330 3037 pror-

197 3047 229 3095 57
249 3047 277 3094 et
297 3044 330 3094 da
345 3042 488 3092 duodecim
508 3041 618 3092 deornm
638 3043 738 3105 areli,
789 3059 835 3094 sus
850 3047 940 3093 essent
954 3045 1030 3108 iuris,
1041 3044 1095 3093 nisi
1109 3042 1182 3107 quod
1195 3045 1331 3106 potentio·

197 3115 319 3178 tibique
333 3117 418 3174 nott,
437 3111 535 3176 quibus
554 3111 618 3162 add.
630 3111 738 3162 Lealre:

197 3181 389 3250 'l'opouraphie
403 3196 455 3230 von
470 3179 559 3230 Athen
576 3196 637 3246 pag.
658 3182 706 3230 122
724 3197 739 3231 e

197 3268 269 3304 vers.
283 3253 384 3316 Saupp.
397 3277 431 3287 -
443 3250 474 3299 ln
487 3265 564 3315 seqq.
579 3250 612 3299 de
622 3254 739 3300 structu-

197 3339 229 3372 ra
244 3323 321 3372 verbi
334 3319 445 3380 ἵζεσθαι
465 3319 538 3368 conf.
555 3319 643 3369 citata
659 3319 740 3381 adV,

200 3394 242 3442 tu.
272 3393 310 3442 Ac
329 3407 396 3440 saue
414 3393 491 3454 patet
509 3403 542 3438 ex
562 3388 614 3439 hoo
633 3387 718 3438 loco'
711 3403 739 3436 ru

197 3462 300 3526 Lysiae
310 3465 378 3510 orat
392 3459 496 3536 funebr.
512 3462 535 3521 5.
555 3459 584 3507 12
597 3457 739 3536 legendum

198 3547 274 3582 esse:
297 3524 386 3578 [τέται
400 3520 493 3577 frti
464 3543 515 3576 τον
534 3519 629 3594 βωμὸν
642 3517 741 3575 ἕκαθέ-

198 3601 289 3658 ζοντα,
302 3600 348 3649 nbi
364 3598 428 3648 olirn
442 3596 582 3662 vulgatum
596 3598 740 3648 lectionem

199 3661 244 3718 ἐπὶ
257 3665 314 3717 τοῖν
330 3665 432 3732 βωμοίν
444 3668 558 3717 retinuit
572 3666 633 3717 Cor.
649 3665 742 3716 Selici-

198 3740 261 3790 be
253 3753 281 3788 rn
299 3739 385 3788 altera
400 3737 500 3798 Lysiae
520 3737 655 3798 editione,
671 3749 742 3800 quas

200 3808 312 3871 Lipsiae
330 3807 432 3872 prodiit
450 3821 514 3859 ann.
538 3806 602 3875 root
623 3806 740 3867 apudB.

200 3878 232 3928 G
241 3878 375 3928 Teubner
397 3877 438 3925 'f'u
449 3874 505 3926 vid.
519 3865 558 3924 ad
567 3875 594 3924 b.
606 3875 613 3924 l
632 3875 740 3924 lebeau

200 3949 229 3996 in
242 3946 383 3998 Observ.¹
377 3962 403 3995 in
416 3945 516 4007 Lysiae
531 3945 577 3994 Or
593 3943 611 3994 f
630 3945 741 4008 specim.

200 4031 263 4081 pag.
276 4019 319 4078 ΙΙ,
333 4015 380 4066 ubi
393 4014 471 4080 plura
482 4015 604 4064 citantur
617 4013 743 4065 consimi-

201 4086 250 4136 lia.
278 4089 325 4138 l'r.
344 4083 499 4136 contulerat
515 4083 626 4147 Tsylor.
645 4084 674 4132 in
688 4083 742 4146 Ly-

201 4154 395 4220 siaebipitsph.
409 4169 435 4218 p.
448 4155 481 4204 tu
492 4154 585 4204 Reisk.
601 4155 743 4204 Pertioent

202 4225 255 4273 huc
272 4239 379 4289 quoque
400 4239 447 4286 ea,
466 4239 536 4288 quae
556 4223 591 4272 ad
608 4225 647 4284 V,
662 4222 693 4272 51
715 4227 743 4270 et

201 4293 332 4354 V11,141
352 4261 484 4343 adnotdta
497 4297 570 4343 suut.
604 4294 646 4342 De
659 4291 743 4341 verbo

87 4382 94 4398 ·
202 4358 357 4412 συνάπτειν
377 4363 411 4412 οΙ.
428 4367 497 4414 nott.
512 4363 595 4425 st,
608 4364 656 4421 75,
671 4361 744 4411 etde

202 4432 287 4484 verbo
302 4422 500 4481 καταλλάττειν
511 4437 580 4482 nott
599 4430 685 4490 adv,
699 4431 742 4482 28.

789 3114 863 3163 ribus
887 3113 1047 3164 civitatibus
1076 3112 1205 3162 tributum
1230 3111 1330 3176 pende-

789 3183 1025 3246 rent,societatem
1035 3183 1061 3232 in
1072 3182 1149 3232 bellis
1160 3183 1331 3246 praeberent,

790 3267 855 3312 nec,
876 3257 907 3300 ut
921 3251 1043 3312 videtur,
1063 3251 1179 3301 concilio
1194 3251 1331 3302 communi

790 3321 929 3370 adessent.
959 3321 1020 3368 Vid.
1041 3319 1071 3372 C.
1091 3319 1123 3369 Ο.
1137 3320 1259 3372 Mueller.
1281 3321 1331 3370 Or-

790 3390 910 3442 chomcn.
924 3403 950 3452 p.
961 3386 1080 3439 corcoli.
1092 3405 1117 3452 p.
1129 3389 1190 3452 ·211,
1202 3392 1330 3440 Kortiim=

782 3456 920 3522 'Beitriige
933 3473 981 3506 τιιτ
993 3457 1090 3510 Gesob.
1105 3457 1211 3512 Hellen.
1224 3461 1332 3510 Staats-

791 3527 906 3578 verfass.
927 3541 989 3592 pag.
1009 3527 1058 3590 85,
1072 3526 1267 3579 Wachsmutb:
1285 3532 1332 3580 Ius

792 3596 913 3664 gentium
925 3595 999 3660 apud
1011 3595 1123 3647 Graeco.
1137 3603 1191 3650 etc.
1208 3615 1270 3664 pag.
1287 3599 1330 3650 68.

792 3671 850 3716 not.
864 3667 890 3714 4.
923 3665 1023 3716 lneidit
1040 3681 1104 3717 vero
1117 3666 1168 3718 hoc
1182 3672 1210 3718 in
1224 3669 1331 3734 Olymp.

791 3735 881 3796 LXV,
901 3735 911 3784 l
934 3751 956 3785 s.
977 3735 1028 3784 519
1047 3741 1112 3786 ante
1126 3737 1187 3787 Chr.
1209 3755 1251 3788 n.:
1270 3737 1333 3788 vids

792 3805 918 3856 Oliuton:
936 3805 1011 3854 Fast.
1028 3805 1134 3858 Hellen.
1154 3806 1224 3872 (11.)
1244 3823 1270 3872 p.
1292 3809 1332 3860 lo.

793 3877 845 3924 224
864 3873 905 3924 ed.
920 3876 1050 3938 Kruager.
1077 3875 1119 3927 De
1132 3892 1185 3941 qno
1202 3893 1274 3927 anno
1288 3877 1334 3926 du·

793 3943 935 3994 bitandum
951 3945 1058 3996 videtur
1072 3945 1131 3995 viro
1149 3947 1230 3997 docto
1246 3944 1333 4008 Angio

794 4015 877 4065 Grote
887 4012 1014 4078 (History
1027 4015 1057 4064 of
1065 4015 1166 4066 Grecos
1179 4016 1226 4068 IV.
1244 4029 1269 4077 p.
1282 4015 1335 4064 222

794 4082 898 4148 τεηομ),
919 4085 964 4148 qni
981 4089 1044 4148 post
1064 4083 1202 4148 expulsum
1219 4083 1334 4134 Athenis

792 4153 937 4218 Hippiam,
952 4152 1023 4218 quod
1040 4168 1112 4202 anno
1124 4153 1176 4204 510
1187 4169 1213 4204 a.
1228 4152 1291 4204 Chr.
1307 4167 1334 4203 n.

795 4223 897 4272 facturn
916 4237 976 4272 esse
998 4227 1123 4282 constat,
1149 4223 1176 4272 id
1199 4221 1334 4272 accidisse

794 4291 942 4341 contendit.
986 4291 1107 4341 Eandem
1137 4290 1335 4342 dubitationem

794 4361 897 4426 profert
907 4360 1049 4411 Dunckar
1067 4360 1164 4412 Geseh.
1179 4362 1206 4415 d.
1218 4359 1335 4413 Alterth.

794 4431 842 4482 1V.
855 4445 917 4496 pag.
931 4429 1050 4481 448not.
