3062 4976
212 341 273 405 332
641 345 910 411 HERODOTI

211 529 281 589 οισί
296 540 401 606 σφεας
423 517 527 609 ἤγαγε
549 525 583 599 ἔς
600 546 635 588 τε
655 518 718 606 τὴν
737 525 926 608 Τιρυνθίην
946 518 1058 609 χώρην
1078 523 1134 590 καὶ
1148 529 1342 612 Ναυπλίην.

165 619 351 712 77Ἀργεϊοι
372 624 409 693 δὲ
436 623 618 711 ἐβοήθεον,
643 624 896 711 πυνθανόμενοι
923 629 1045 710 ταῦτα,
1075 627 1128 694 ἐπὶ
1153 625 1341 694 θάλασσαν.

212 723 256 807 ὡς
279 729 316 796 δὲ
334 725 438 814 ἀγχοῦ
460 726 522 814 μὲν
542 731 692 813 ἐγίνοντο
709 732 767 816 τῆς
786 735 970 814 Τίρυνθος,
990 727 1088 818 pelops
1109 729 1146 797 dl
1167 729 1341 821 ἐντούτῳ,

209 836 256 922 τῷ
270 835 379 900 κέεται
399 827 419 917 ἡ
434 829 564 918 Σήπεια
578 827 720 918 οὔνομα,
743 837 937 917 μεταίχμιον
957 827 997 898 οὐ
1011 833 1096 918 μέγα
1109 829 1341 914 ἀπολιπόντες,

208 939 317 1016 ἵζοντο
337 931 443 1002 αἰντίοι
465 949 549 1003 τοῖσι
569 938 874 1020 Λακεδαιμονίοισι.
908 934 1058 1002 ἐνθαῦτα
1079 932 1121 1022 δὴ
1141 940 1176 1003 ol
1198 932 1341 1021 Ἀργεῖοι

209 1035 271 1124 τὴν
284 1037 346 1123 μὲν
367 1041 403 1106 ἐκ
417 1041 477 1106 τοῦ
491 1041 642 1124 φανεροῦ
657 1036 765 1124 μάχην
785 1033 847 1104 οὐκ
863 1037 1061 1122 ἐφοβέοντο,
1081 1034 1166 1107 ἀλλὰ
1187 1035 1232 1125 μὴ
1252 1037 1340 1130 δόλῳ

98 1321 102 1330 .
210 1271 299 1330 ριον,
320 1240 357 1367 ηδ
379 1247 531 1313 ἐπίκοινα
546 1248 663 1330 ἔχρησε
682 1238 703 1331 ἡ
717 1250 835 1330 Πυθίη
848 1239 999 1312 τούτοισί
1009 1269 1045 1310 τε
1060 1245 1116 1311 καὶ
1131 1251 1340 1331 Μιλησίοισι,

208 1349 306 1433 λέγον
321 1352 404 1415 orda·

208 1553 298 1603 fluviIs
319 1557 346 1602 et
370 1551 438 1602 mari
460 1548 608 1600 immolata.
646 1549 747 1601 Attulit
798 1547 919 1613 Nauplia,
931 1549 1140 1601 testeStrabon.
1154 1549 1231 1604 VIII.
1247 1567 1273 1617 p.
1287 1551 1340 1602 572

208 1620 372 1684 Wesaeliug.
396 1623 438 1671 Tu
452 1621 508 1672 vrd
521 1619 634 1670 Homeri
647 1619 746 1685 Odyss
798 1620 854 1671 Ba.
871 1635 897 1683 p.
914 1619 979 1680 373;
1000 1635 1066 1686 qum
1081 1621 1170 1670 adhue
1188 1635 1245 1670 eam
1259 1637 1339 1672 voca

207 1693 267 1754 111,
280 1691 308 1753 6,
327 1691 374 1740 ubi
388 1691 486 1740 Nestor
498 1702 623 1749 ταυοονς
641 1683 748 1752 παμμέ-
797 1689 820 1736 τί
835 1690 951 1739 Puluea-
958 1691 1070 1753 Nauplio
1080 1694 1219 1741 asserunt
1238 1689 1271 1740 de
1284 1705 1338 1756 qua

208 1729 747 1824 ΙαναςΙιαοιΙΙΙουτο(ΙΙοΙΙιιτἙνοσίχθονι
798 1759 892 1808 eadem
904 1759 959 1810 vid.
974 1759 1113 1810 Curtiusl.
1127 1760 1145 1810 l.
1159 1777 1184 1826 p.
1201 1759 1261 1811 389.
1283 1764 1339 1810 An·

208 1829 395 1893 κνανοχαίτη,
414 1830 449 1878 ad
470 1843 547 1893 quern
565 1828 652 1881 locum
670 1829 746 1893 plura
797 1829 890 1893 tiquus
916 1829 986 1878 enirn
1007 1831 1140 1895 Argorum
1163 1833 1259 1894 portus
1279 1835 1339 1880 erat

207 1899 302 1950 attulit
315 1899 437 1949 Nitzseh.
457 1915 483 1963 p.
506 1897 555 1948 136
568 1913 601 1947 ex
616 1897 676 1962 ipso
689 1899 746 1949 Ηο-
798 1898 917 1961 Nauplia,
929 1899 976 1948 sed
985 1900 1140 1949 Pausaniae
1152 1901 1291 1962 tempore'
1283 1915 1338 1949 ram

207 1985 280 2020 mero
303 1969 338 2018 ad
361 1969 411 2018 hoc
436 1965 631 2018 sacrificiorum
660 1983 744 2031 genua
798 1967 974 2017 teredii-utu:
1001 1969 1073 2018 unde
1096 1967 1217 2018 nonnihil
1235 1967 1268 2017 ad
1282 1984 1337 2018 me-

206 2040 373 2103 spectentia,
396 2038 468 2102 quod
484 2037 579 2101 attigit
593 2052 699 2102 quoque
711 2039 743 2089 (Ι.
795 2036 891 2086 ridiem
916 2038 961 2088 vix
980 2040 1059 2088 unius
1079 2037 1161 2088 horae
1175 2038 1273 2088 itinere
1295 2039 1337 2088 di-

205 2109 282 2160 Woli
293 2108 328 2158 ad
344 2108 476 2173 Porphyr.
497 2106 529 2157 de
542 2105 637 2170 philos.
653 2123 742 2159 oracu.
795 2110 872 2156 stans
887 2107 922 2156 ab
938 2123 1000 2157 aree
1014 2107 1158 2172 Tirynthia
1172 2107 1338 2158 exstathua·

205 2179 300 2244 p..llii
326 2179 365 2229 Au
378 2179 450 2228 tauri
464 2175 626 2227 sacrificium
640 2177 745 2242 Neptu·
791 2178 860 2239 plion
874 2177 932 2226 slve
943 2178 1036 2240 Nupoli
1048 2179 1076 2228 di
1084 2177 1215 2235 Romania
1226 2181 1337 2228 nostrae

206 2265 240 2299 uo
253 2247 386 2299 affertur·
379 2264 407 2296 m
418 2245 578 2296 Philostrat.
589 2248 692 2312 Imagg.
706 2248 744 2308 ΙΙ,
795 2246 897 2296 aetatis
909 2246 973 2296 urbs
986 2247 1118 2310 primaria
1131 2248 1187 2298 iere
1201 2263 1248 2312 per
1257 2246 1337 2297 Pelo-

206 2319 247 2382 16,
258 2318 304 2368 ubi
316 2318 413 2367 Iaeobs
424 2333 450 2380 p
461 2315 513 2366 483
524 2320 586 2380 apte
596 2283 744 2366 Pindarum
794 2330 952 2379 pounesum.
976 2315 1047 2377 Qui
1039 2333 1067 2366 sn
1076 2318 1202 2380 proximo
1212 2332 1272 2381 uap.
1282 2333 1337 2367 me-

204 2387 298 2437 laudat
310 2387 417 2451 Olymp
431 2385 513 2445 XIII,
526 2384 574 2447 66,
597 2386 643 2435 ubi
657 2385 744 2436 Belle
794 2391 917 2434 moratur
931 2384 1007 2436 loeus
1019 2381 1145 2448 Σηπεια
1162 2401 1220 2436 erus
1235 2385 1336 2449 nullus

203 2457 306 2537 rpphon
335 2456 444 2505 iubetur
470 2423 598 2518 Neptuno
623 2461 744 2505 mactare
795 2454 866 2518 quod
882 2455 965 2505 seiam
969 2455 1105 2519 scriptor
1119 2455 1190 2505 alsus
1202 2455 1333 2506 meminit

202 2539 345 2589 αογαντας
358 2538 494 2586 ταυρους
513 2539 627 2588 quocum
641 2524 745 2575 confer
793 2523 968 2574 Florentinus
989 2540 1050 2574 eum
1069 2525 1132 2574 aliis
1150 2522 1264 2577 Σίπεια.
1304 2526 1336 2574 In

202 2613 231 2646 re
242 2595 461 2646 lieetcusdenlem
470 2601 574 2652 taurum
589 2609 667 2658 quem
679 2593 744 2644 deos
794 2593 906 2653 tabula,
922 2609 1001 2658 quam
1014 2593 1123 2644 Curtius
1139 2593 1261 2644 exhibuit
1273 2593 1335 2645 Vol

202 2666 350 2724 advocans,
362 2663 476 2728 quihus'
468 2663 608 2724 imperium
619 2669 660 2714 est
670 2663 744 2727 pela-
795 2661 830 2710 II.
840 2677 879 2710 nr.
887 2631 962 2726 Ilm,
974 2664 1111 2714 indicatur
1123 2663 1198 2714 locus
1209 2663 1337 2714 occiden-

203 2735 239 2796 οἱ,
252 2737 333 2782 vovet
343 2731 493 2782 Cloanthus
506 2731 577 2794 apud
588 2733 664 2796 Virg.
675 2733 742 2782 Aen.
794 2735 848 2781 tem
861 2747 955 2782 versus
970 2749 986 2781 a
999 2733 1130 2798 'Plrynthe
1148 2749 1233 2797 prope
1247 2735 1336 2798 ipsum

202 2803 235 2862 V,
242 2801 302 2852 236.
323 2799 743 2866 SiehlexanderHellespontum
794 2815 875 2854 mare.
890 2801 1029 2852 meridiem
1044 2819 1137 2854 versus
1152 2803 1187 2851 ab
1199 2803 1288 2868 Argis.
1312 2805 1336 2852 A

202 2869 344 2920 traiieieua
361 2872 488 2933 Neptuno
510 2873 617 2918 tamum
641 2870 743 2919 sacriti-
793 2871 877 2934 sepiis
892 2888 906 2922 e
923 2872 991 2920 mari
1007 2872 1133 2923 fluetibus
1146 2871 1261 2922 littorali
1273 2871 1334 2921 loeo

202 2956 280 2990 eausa
296 2940 381 2989 fertur
397 2938 470 3002 apud
486 2937 592 2988 hrrien.
614 2939 699 2989 Anah.
719 2940 742 3002 Ι,
792 2939 915 3004 appulsis
931 2957 1028 2990 nomen
1049 2943 1159 2992 dsuetum
1173 2957 1233 2993 esse
1248 2942 1336 3008 susspi-

206 3011 245 3062 ll.
260 3013 284 3072 ξ.
301 3009 332 3068 6;
351 3007 448 3058 similia
467 3011 576 3058 exstant
596 3009 667 3072 apud
681 3009 742 3058 Sta·
793 3010 1047 3076 uatueresseling.
1083 3013 1142 3074 Quo
1165 3012 1259 3063 eodem
1279 3027 1336 3060 mo-

202 3076 416 3130 truminetuhrll
434 3076 547 3141 11,300.
562 3077 741 3131 Valenhlax.
792 3085 874 3130 nente
896 3081 1028 3130 Arcadiae
1050 3097 1157 3146 quisque
1180 3097 1257 3130 mous
1277 3079 1335 3143 Ση-

199 3149 222 3214 1,
241 3148 298 3199 190.
408 3181 412 3190 ·
792 3147 1017 3202 rrr'uinPausau.
1036 3151 1119 3213 VIII,
1139 3151 1178 3201 16.
1197 3151 1261 3213 §.2
1290 3151 1334 3200 Tu

215 3187 264 3274 ἒς
281 3230 310 3266 τε
329 3231 381 3280 την
397 3211 560 3280 Τιρυνθιην
577 3208 672 3280 χώρην
693 3213 741 3266 καὶ
792 3219 864 3269 conf.
880 3220 1001 3271 Mueller.
1017 3221 1083 3270 Dor.
1102 3221 1138 3272 II.
1155 3236 1215 3286 pag.
1230 3219 1290 3272 435.

202 3283 374 3352 Ναυπλίην]
414 3285 518 3352 Τιίηυε,
550 3288 743 3351 antiquissima

199 3357 280 3418 urbs,
299 3357 333 3406 ab
351 3357 431 3421 Argis
445 3356 610 3420 Epidaurum
636 3357 741 3421 protici-

201 3426 340 3478 scentihus
354 3427 389 3477 ad
401 3425 523 3476 dextram
539 3429 594 3477 sita
608 3432 668 3479 erat
685 3443 740 3478 nou

200 3497 342 3562 proculab
356 3497 423 3559 ipsis
433 3497 520 3560 Argis.
542 3498 648 3563 Deque
662 3497 741 3561 plura

200 3566 420 3617 Manuert.VIII.
431 3581 456 3629 p.
465 3567 513 3616 651
524 3582 580 3632 seq.
589 3567 648 3618 644.
663 3569 740 3630 Quae

201 3635 289 3686 adhue
306 3641 450 3700 supersunt
469 3637 599 3700 antiquae
611 3636 686 3686 urbis
699 3653 742 3686 ru-

200 3707 266 3756 dera
275 3705 318 3754 vel
331 3706 421 3769 potius
432 3721 568 3754 murorum
580 3705 740 3757 tundamen-

200 3781 244 3837 ia,
259 3775 404 3838 descripsit
419 3773 559 3825 Michaud:
579 3775 741 3839 Correspon-

201 3846 287 3896 deuse
299 3843 458 3893 d'OrientI.
470 3859 496 3906 p.
510 3845 543 3896 95
556 3859 646 3908 seqq,
665 3846 743 3894 item-

202 3931 255 3980 que
267 3911 415 3963 Dodwell
408 3927 450 3961 m:
468 3913 558 3964 Views
575 3914 628 3963 and
640 3914 740 3964 deseri-

202 3987 294 4050 ptions
307 3983 337 4032 oi
351 3981 502 4046 Cyclopian
517 3997 547 4031 or
561 3981 686 4044 Pelasgis
699 3997 741 4032 re-

202 4057 352 4104 mainseto.
366 4068 394 4116 p
409 4051 467 4102 :tet
483 4051 568 4101 tabul.
582 4051 633 4102 111.
646 4053 698 4114 IV,
712 4052 740 4100 in

202 4141 255 4188 qua
269 4137 402 4172 murorum
420 4122 551 4186 reliquiae
567 4121 740 4171 exhibentur:

203 4195 320 4243 omnium
334 4193 539 4243 accuratissime
558 4191 645 4241 dehis
660 4207 742 4254 expo-

203 4263 244 4310 rut
258 4263 384 4313 Curtius
404 4260 581 4326 Peloponnes.
596 4262 632 4310 ΙΙ.
649 4276 675 4324 p.
690 4259 741 4309 384

202 4346 277 4394 seqq.
299 4333 349 4382 567
368 4347 424 4395 seq.
464 4331 540 4391 Quae
558 4330 680 4395 proxima
698 4333 740 4378 est

946 3393 1012 3442 Car.
1032 3392 1170 3444 LXXVII.

825 3487 843 3558 η’
860 3488 970 3558 Σήπεια
986 3485 1106 3559 οὔνομα]
1134 3495 1224 3545 Libris
1240 3494 1333 3545 iuben-

791 3565 864 3615 tibus
878 3565 1072 3616 annualiter
1086 3571 1200 3616 reeentt.
1216 3564 1276 3616 edd.
1291 3579 1332 3613 re-

790 3624 909 3698 ιΙΙΙαΙὴ,
923 3639 950 3684 et
963 3623 1073 3682 nivosa
1088 3651 1136 3714 pro
1152 3648 1198 3682 τοι
1190 3627 1288 3714 ἴνομα.
1298 3661 1331 3670 -

790 3703 925 3752 Matthiae
939 3697 1042 3754 dedit
1028 3721 1044 3767 η
1065 3699 1175 3783 Σήπεια
1189 3717 1331 3767 τουνομα;

790 3772 906 3822 Bekker.
919 3768 1008 3822 κέεται
1018 3763 1175 3837 Σήπεια’
1140 3788 1260 3822 ουνοαα.
1287 3785 1333 3836 με-

791 3841 920 3904 ταίχμιον
937 3843 1005 3892 dicit
1017 3843 1105 3893 loeum
1119 3859 1141 3893 s.
1157 3845 1278 3908 spatium
1290 3842 1332 3891 in·

791 3916 832 3960 ter
846 3912 913 3962 duas
928 3913 1001 3962 acies
1016 3918 1138 3977 patenas
1149 3912 1331 3974 intervallum,

791 3981 1183 4061 usvl1120011.vl11,140.
1203 3979 1331 4040 ΑιΙΙζον

791 4063 822 4098 το
834 4047 926 4098 αντιοι
946 4052 981 4102 οΙ.
995 4053 1034 4112 V,
1055 4051 1087 4102 18
1102 4019 1196 4116 ibique
1213 4055 1282 4100 nott.
1296 4077 1331 4086 -
1433 4091 1435 4094 .

791 4121 845 4170 Pru
862 4109 992 4169 Inlaesum
1015 4089 1068 4170 duo
1086 4121 1165 4171 codd.
1187 4111 1328 4184 ἒπικοινῇ.

791 4189 926 4240 Sedconl.
940 4192 993 4254 VI,
1012 4191 1054 4242 Ill.
1071 4191 1099 4249 Ι,
1113 4189 1172 4240 216
1199 4189 1277 4248 Quod
1290 4202 1331 4238 se

791 4259 883 4322 quitur
891 4230 993 4338 λέγον
1003 4259 1122 4326 pertinet
1138 4259 1171 4308 ad
1188 4253 1229 4318 τὸ,
1243 4258 1329 4308 seille.

792 4315 972 4392 χρηστήριον.
1002 4329 1044 4378 Ad
1056 4327 1221 4378 locutionem
1235 4321 1265 4377 ἐκ
1279 4341 1330 4376 τον

203 4401 272 4448 suari
292 4403 384 4468 regio,
403 4399 696 4467 iitpntlieroeahatur
714 4403 742 4449 et
791 4410 920 4461 φανεηου
934 4397 987 4448 vid.
1001 4401 1070 4448 nott.
1085 4397 1165 4462 adV,
1179 4398 1223 4450 37,

354 4616 404 4630 —x
