2986 5014
472 325 537 426 au
561 321 815 384 nnnonou.
840 325 897 399 vu,
920 335 961 390 co.
1220 323 1283 387 suo
1387 391 1391 404 ,

152 500 294 566 calumnia,
309 515 380 570 quae
388 497 526 552 Demarati
536 501 641 566 patrem
652 489 809 569 ὀνοφορβόν
819 496 1110 566 eltirrxerat.-Plagitat
1118 490 1282 568 Ἀλώπεκος,

153 603 232 657 quem
255 586 366 638 fratrem
390 583 548 653 sociumque
570 581 720 636 Astrabaco
742 582 871 651 adiungit
889 581 1052 650 Pausanias,
1071 583 1097 636 h.
1116 601 1140 636 e.
1166 586 1282 639 minaria

151 674 297 742 uulpinum.
347 670 412 732 Qua
431 669 460 720 in
484 686 515 720 re
531 685 586 720 non
611 667 702 722 multis
727 667 821 720 verbis
848 684 995 736 exponam,
1022 668 1096 739 quod
1122 667 1187 722 alibi
1213 670 1282 722 ieci:

153 759 320 810 Graecarum
335 753 488 806 fabularum
507 752 623 806 indolem
636 753 674 804 ita
689 754 772 818 ferre,
791 759 822 804 ut
838 769 908 822 quae
923 753 957 804 ab
973 752 1153 806 orientalibus
1167 754 1281 808 homini·

152 843 203 894 bus
219 858 275 894 uno
290 839 460 910 simplicique
473 837 596 906 symbolo
612 838 706 890 iuncta
721 845 982 905 commonstrantur,
998 855 1029 890 ea
1045 836 1106 890 illae
1120 837 1282 908 disiungant

151 935 179 978 et
198 926 226 978 in
244 924 422 994 genealogiae
445 925 556 976 sormam
579 923 713 990 redigant.
764 923 801 975 Et
824 940 889 976 vero
911 923 978 974 haec
997 922 1132 975 Laconica
1153 925 1281 994 expedita

151 1011 304 1064 redduntur
331 1027 381 1078 per
395 1016 519 1061 tesseras
533 1007 695 1078 Aegyptias.
718 1007 827 1060 Etenim
842 1007 972 1077 Aegyptii
984 1007 1061 1060 exosi
1074 1013 1153 1060 erant
1163 1009 1280 1077 asinum,

151 1102 245 1165 utpote
269 1095 366 1147 animal
386 1093 541 1163 Typhonis.
586 1092 760 1162 Typhonium
788 1099 878 1145 autem
903 1091 1001 1144 animal
1022 1092 1149 1145 dicebant
1173 1094 1280 1148 asinum

149 1198 203 1232 non
214 1180 304 1232 minus
319 1187 432 1249 propter
443 1178 568 1230 inertiam
584 1194 615 1228 ac
626 1177 812 1246 petulantiam,
828 1195 907 1246 quam
922 1183 1036 1248 propter
1048 1178 1140 1230 rufum
1155 1178 1280 1234 calorem.

148 1265 261 1318 Rubent
277 1265 347 1316 enim
363 1262 551 1332 utplurimum
567 1263 595 1315 in
614 1261 720 1314 oriente
734 1261 822 1314 aselli.
846 1261 985 1314 Plutarch.
1001 1262 1043 1314 Do
1058 1262 1126 1314 Isid.
1142 1281 1169 1333 p.
1183 1266 1234 1318 383
1250 1283 1278 1336 p.

148 1353 199 1404 488
217 1350 358 1416 Wyttenb.
377 1343 521 1416 Αἰγύπτιοι
542 1345 572 1400 dl
593 1341 768 1416 πυρρόχρουν
789 1344 932 1416 γεγονέναι
948 1341 998 1400 τὸν
1017 1348 1142 1416 Τυφῶνα
1156 1351 1281 1418 νομίζον-

147 1429 386 1497 τες-ἀπολαύειν
402 1451 430 1486 τε
445 1431 492 1486 sul
514 1429 564 1487 τὸν
578 1426 646 1487 ὄνον
661 1423 752 1500 ὥσπερ
767 1433 873 1502 εἴρηται
893 1433 945 1502 τῆς
964 1425 1142 1503 ὁμοιότητος,
1165 1427 1213 1488 διὰ
1227 1431 1280 1505 τὴν

148 1514 275 1588 ἀμαθίαν
301 1517 350 1572 καὶ
374 1512 425 1587 τὴν
445 1510 527 1590 ὕβριν
550 1513 600 1587 οὐχ
620 1509 704 1587 ἦττον
729 1508 748 1588 ἢ
768 1513 816 1570 daal
831 1511 883 1587 τὴν
896 1511 997 1588 χρόαν,
1012 1518 1130 1572 οἴονται.
1174 1520 1230 1574 Sed
1245 1523 1279 1574 de

148 1604 227 1656 asino
252 1611 406 1672 contempto
428 1603 462 1654 ab
479 1603 624 1672 Aegyptiis
646 1602 698 1654 alia
714 1603 792 1656 etiarn
806 1603 878 1654 inira
899 1619 1076 1672 apponemus.
1121 1604 1205 1658 Nunc
1229 1607 1280 1659 hoc

150 1704 231 1740 unum
244 1693 394 1754 teneamus,
412 1695 442 1739 ut
453 1687 602 1754 cogitemus
613 1689 747 1757 uulpinum
762 1691 865 1742 heroden
877 1689 993 1742 οοίηονίο
1004 1688 1134 1740 additum.
1158 1689 1279 1746 Proinde

148 1790 207 1825 curn
225 1772 251 1824 in
268 1772 425 1824 Herodotea
439 1772 597 1824 narratione
612 1775 795 1841 despiciendae
810 1779 838 1825 et
853 1773 1145 1843 contemptusvestigia
1161 1775 1278 1845 latitent,

148 1875 203 1928 quo
230 1858 343 1909 asinarii
364 1856 479 1909 infames
505 1856 647 1908 dicuntur:
674 1855 828 1908 Pausaniae
852 1857 977 1909 doctrina
1002 1859 1075 1910 hunc
1098 1861 1177 1912 nobis
1201 1878 1279 1914 usum

148 1949 285 2012 praestat,
320 1950 350 1995 ut
379 1941 515 2011 Alopecus
549 1941 630 1993 heros
667 1945 717 2011 rufi
750 1944 817 1994 asini
852 1941 1077 2009 significationem
1115 1961 1280 1999 conservare

148 2027 307 2080 videatur.“

232 2113 306 2180 „Sed
332 2111 419 2181 quid?
445 2119 560 2181 quaerat
581 2111 729 2180 quispiam:
771 2111 952 2179 Contemptus
973 2110 1111 2164 asinarius
1139 2119 1167 2164 et
1191 2119 1280 2169 tamen

148 2198 277 2250 heroibus
303 2197 485 2266 interpositus
509 2203 591 2266 atque
607 2195 675 2250 adeo
690 2194 898 2248 Heraclidarum
925 2195 1006 2264 quasi
1030 2196 1194 2264 imaginibus
1220 2199 1280 2253 illa-

147 2283 215 2335 tusl
230 2313 265 2322 -
281 2283 404 2352 Uterque
420 2299 517 2350 porro,
536 2299 596 2334 cum
611 2281 650 2348 is,
672 2281 720 2351 qui
741 2281 775 2334 ab
798 2279 885 2332 asinis
906 2297 1001 2332 nornen
1018 2281 1108 2349 habet,
1127 2287 1183 2335 tum
1200 2285 1247 2354 qui
1264 2304 1280 2337 a

148 2368 244 2438 vulpe,
263 2383 402 2420 sacrorum
420 2368 498 2418 etiarn
522 2367 647 2418 minister
667 2365 873 2434 inventorque?
904 2364 1002 2417 ¹ludio.
1032 2365 1123 2434 lgitur
1140 2367 1223 2420 altius
1238 2371 1280 2424 in·

147 2453 309 2522 quirendum
337 2459 365 2504 et
393 2451 621 2504 considerandum
647 2450 727 2504 nobis
754 2457 812 2516 est,
839 2449 972 2519 quomodo
999 2451 1064 2504 haec
1085 2456 1138 2504 tam
1160 2455 1281 2508 absurda

147 2537 235 2606 digeri
250 2537 359 2608 possint
373 2543 400 2589 et
421 2537 555 2605 concoqui
577 2535 783 2606 quodammodo.
833 2536 896 2598 Qua
918 2534 945 2586 in
969 2553 997 2588 re
1019 2541 1083 2589 ante
1104 2539 1192 2591 omnia
1212 2539 1280 2594 illud

146 2623 306 2690 carendum,
323 2641 356 2675 ne
373 2622 407 2674 ad
422 2621 510 2674 nostri
525 2621 632 2689 ingenii
651 2637 809 2690 morumque
825 2627 982 2672 nostrorum
997 2620 1112 2675 indolem
1128 2626 1279 2678 reseramus

146 2707 252 2778 priscas
277 2707 427 2776 religiones
459 2706 676 2778 religionumque
707 2713 830 2759 tesseras
852 2721 883 2757 ac
908 2704 1027 2759 fabulas.
1070 2707 1109 2758 Et
1133 2727 1225 2763 nonne
1250 2711 1278 2764 in

146 2793 301 2846 vernaculis
318 2793 395 2846 etiarn
411 2792 547 2846 chronicis
563 2793 680 2860 nomina,
697 2793 730 2844 ab
744 2790 905 2844 animalibus
921 2790 1078 2860 desumpta,
1093 2792 1219 2863 imposita
1236 2813 1279 2848 re-

146 2878 292 2948 periuntur
306 2879 374 2931 viris
389 2877 559 2948 principibus
575 2883 657 2950 atque
675 2877 815 2930 honoratis
833 2875 957 2944 inprimis
967 2876 1003 2927 ⁴l“

231 2963 311 3026 Quae
328 2965 378 3015 iarn
393 2981 409 3015 a
424 2964 473 3016 Cr.
488 2963 645 3016 instituitur
660 2962 826 3033 disputatio,
846 2961 955 3029 longior
975 2978 1055 3032 quarn
1076 2979 1146 3032 quae
1170 2963 1281 3032 integra

146 3050 198 3100 huc
214 3041 378 3118 apponatur,
396 3048 429 3099 ab
445 3047 590 3116 Aegyptiis
606 3049 713 3102 orditur
733 3049 853 3114 asinum,
875 3047 1047 3116 Typhoniam
1063 3048 1193 3116 bestiam,
1215 3067 1279 3103 con·

147 3133 347 3198 tementibus,
375 3131 556 3188 mulcentibus
583 3139 611 3183 et
636 3139 723 3186 tanen
749 3133 787 3185 rei
814 3149 909 3185 sacrae
935 3131 1048 3186 eundem
1074 3133 1279 3204 adhibentibus,

147 3218 270 3270 nimirum
285 3217 399 3282 Isiacae,
415 3235 446 3268 eo
462 3215 521 3268 scil.
538 3233 639 3283 sensu,
665 3223 696 3270 ut
718 3227 847 3285 tanquam
868 3217 958 3284 turpis
981 3219 1070 3270 bestia
1093 3227 1280 3288 opponeretur

147 3303 328 3355 nobilioribus
349 3319 381 3353 ac
400 3301 492 3370 specie
510 3317 562 3352 sua
576 3302 752 3370 moribusque
767 3302 928 3370 Typhonem
940 3302 1135 3368 quodammodo
1151 3306 1279 3372 referret,

147 3405 206 3442 cum
222 3392 318 3440 contra
332 3389 414 3452 cuch,
429 3387 495 3452 bos,
514 3384 582 3437 aliae
607 3387 712 3438 bestiae
738 3387 766 3438 in
788 3385 902 3437 historia
927 3383 1047 3440 Osiridis
1073 3407 1152 3442 sacra
1176 3407 1279 3444 summo

146 3474 250 3527 honore
264 3472 480 3541 impertirentur.
529 3470 630 3536 „Unde
651 3470 819 3540 antiquitus,
845 3469 936 3538 pergit
951 3471 1018 3540 Cn,
1042 3474 1156 3527 asinarii
1178 3481 1206 3526 at
1226 3476 1281 3542 ipsi

146 3559 174 3610 in
194 3564 367 3626 contemptus
380 3556 538 3608 societatem
554 3561 700 3607 venerunt.
746 3555 798 3606 Cui
817 3554 912 3621 generi
932 3554 1066 3610 hominum
1084 3559 1279 3628 quodammodo

146 3643 286 3698 accenseri
309 3647 429 3711 possunt
451 3640 530 3692 etiarn
545 3639 592 3691 isti
612 3650 736 3710 aggaeo,
756 3639 804 3710 qui
819 3639 872 3691 diis
890 3639 1048 3711 deabusque
1070 3644 1168 3712 stipem
1185 3662 1278 3696 corro-

145 3729 248 3795 gabant
262 3735 289 3780 et
305 3727 388 3780 asello
404 3726 575 3779 vehebantur
589 3725 658 3796 (rid.
675 3724 822 3779 Ruhnken.
837 3723 872 3777 ad
886 3723 991 3778 Timaei
1006 3727 1074 3781 Lex.
1090 3726 1160 3779 Plat.
1177 3747 1205 3796 p.
1222 3731 1277 3796 10).

146 3813 247 3866 Verum
262 3813 354 3883 prisco
370 3829 438 3865 aero
453 3809 527 3864 haud
544 3809 626 3862 dubie
642 3809 783 3864 honestum
804 3810 860 3864 luit
873 3811 923 3862 hoc
941 3828 1081 3866 sacrorum
1096 3813 1278 3866 curandorum

146 3899 280 3964 olhcium,
303 3898 326 3949 si
348 3897 456 3968 quidem
477 3895 538 3964 ipse
560 3895 605 3947 ille
621 3895 719 3947 Abarin
743 3896 771 3948 in
794 3903 952 3964 agyrtarum
978 3915 1089 3950 nurnero
1110 3898 1276 3963 censendus,

146 3988 217 4036 teste
238 3983 383 4036 Iamblicho
404 3981 447 4032 De
473 3979 520 4032 rit.
536 3979 617 4047 Pyth.
639 3997 682 4050 ap.
700 3983 741 4034 lu.
757 4000 784 4050 p.
802 3983 845 4034 76.
889 3979 980 4050 Atque
998 3983 1088 4052 ipsum
1108 3981 1278 4036 Herodotum

146 4075 269 4122 nostrum
284 4073 381 4120 testem
397 4066 525 4118 adhibere
541 4081 687 4135 possumus
703 4067 806 4118 veteris
824 4065 1045 4138 horreatiorisque
1066 4065 1148 4120 moris
1169 4073 1197 4120 et
1217 4067 1278 4137 qui-

145 4152 204 4204 dem
219 4153 247 4204 in
262 4153 352 4222 ipsius
368 4151 472 4204 Dianae
487 4149 668 4218 religionibus
692 4150 740 4202 IV.
762 4153 795 4204 35
825 4150 883 4220 [ubi
907 4149 963 4202 vid.
982 4154 1077 4222 nott.].
1121 4152 1200 4214 Quae
1219 4169 1278 4207 cum

146 4236 184 4288 ita
210 4237 280 4302 sint,
306 4255 360 4288 non
388 4236 553 4303 mirandum,
579 4237 670 4306 priscis
690 4238 848 4306 temporibus
873 4237 1000 4290 eiusmodi
1019 4240 1178 4307 caerrjloulos
1202 4243 1280 4307 utque

146 4331 256 4391 ngqrtas
270 4324 378 4375 heroum
394 4339 495 4390 quoquc
516 4321 657 4376 honoribus
679 4331 790 4376 ornator
800 4322 959 4388 heroici-sque
974 4323 1097 4392 gentibus
1113 4326 1279 4395 interpositos

52 4457 56 4465 ,
145 4424 207 4460 csse.
253 4407 351 4477 Neque
370 4407 421 4459 iam
438 4406 583 4460 obscurum
600 4412 657 4472 est,
674 4423 724 4460 our
739 4423 878 4460 sacrorum
899 4405 1028 4460 inventor
1046 4408 1172 4479 idemque
1193 4409 1278 4463 sacri·

1015 4502 1079 4566 52*
