2994 4972
509 378 878 440 TERPSICHORE.
901 383 939 442 V.
964 393 988 444 1.
1292 383 1316 444 '3

178 555 301 636 βαλον,
329 550 386 620 καὶ
407 547 493 618 κύνα
513 559 599 622 κννί.
640 552 813 624 νικώντων
835 554 871 624 δὲ
892 551 931 624 τὰ
953 553 1014 624 dv'o
1028 559 1096 622 τοῖν
1108 561 1316 643 Περινθίων,

181 647 226 731 ὦς
245 651 443 737 ἐπαιώνιζον
461 655 696 744 κεχαρηκότες,
719 657 943 747 συνεβάλοντο
963 664 999 728 οί
1014 665 1161 738 Παίονες
1182 656 1219 726 τὸ
1238 687 1316 748 χρη-

124 769 179 822 373
188 754 324 845 στήριον
337 753 420 826 αὐτὸ
433 761 532 827 τοῦτο
547 758 651 848 εἶναι,
673 761 847 832 aetatula
868 791 929 832 κου
950 760 1039 852 παρὰ
1060 769 1155 850 σφίσι
1170 760 1317 832 αὐτοῖσι·

178 864 246 929 νῦν
264 857 308 930 aiv
322 871 373 950 είη
387 857 405 928 ὁ
418 859 562 951 χρησμὸς
576 865 825 954 ἐπιτελεόμενος
839 861 936 956 ἡμῖν,
958 871 1023 936 νῦν
1037 862 1196 955 ἡμέτερον
1210 864 1246 934 τὸ
1261 875 1315 954 ἔρ-

177 991 249 1052 γον.
284 962 373 1034 οὕτω
387 981 472 1036 τοῖσι
486 974 701 1056 Περινθίοισι
715 977 916 1040 παιωνίσασι
930 973 1149 1060 ἐπιχειρέουσι
1164 975 1199 1040 oi
1208 977 1313 1040 Παίο-

177 1169 281 1226 miaere,
305 1165 386 1230 plane
407 1171 438 1217 ut
458 1167 514 1229 ΙΙΙ,
532 1167 575 1219 32.
615 1169 651 1220 At
670 1185 723 1220 mc·

178 1236 252 1286 dium
270 1237 382 1286 verbum
399 1231 591 1302 συμβαλέσθαι
607 1245 649 1290 eat
665 1255 723 1290 coa-

177 1308 256 1358 iieere
267 1306 386 1370 indeque
398 1309 481 1358 etiam
494 1310 642 1374 interimere,
655 1314 685 1360 ut
698 1310 721 1372 I,

177 1376 227 1438 68,
241 1377 289 1427 ubi
307 1377 445 1426 viduata
461 1377 524 1440 vll,
540 1379 591 1430 209
604 1379 667 1430 aliis
683 1379 720 1429 la-

177 1445 226 1496 cia.
258 1445 291 1496 ln
310 1462 386 1511 aeqq.
403 1461 452 1511 pro
472 1447 535 1496 olim
556 1448 625 1514 vulg·
644 1445 722 1511 παρὰ

178 1510 249 1578 σφὶν
258 1510 369 1564 αὐτοῖσι
381 1532 441 1566 cum
450 1516 610 1583 Schweigh.,
622 1517 721 1582 Gaiam,

177 1584 276 1662 Matth.
291 1591 319 1634 et
330 1601 383 1638 rec.
399 1586 459 1636 edd.
474 1586 536 1636 dedi
550 1579 627 1651 παρὰ
640 1587 721 1651 σφίσι

177 1657 301 1706 cornice.
343 1656 423 1718 Quod
445 1657 473 1706 in
492 1657 631 1708 Sancroiti
650 1657 720 1709 libro

165 1740 210 1775 ·ac
230 1725 438 1776 vindobonensi
455 1725 553 1793 legitur
576 1741 660 1791 σφιν,
684 1729 720 1778 ab

177 1795 229 1845 liae
238 1795 299 1846 loco
310 1793 428 1846 alienum
438 1801 493 1848 eat:
509 1797 542 1847 de
552 1813 605 1862 quo
615 1799 720 1849 monuit

176 1866 293 1916 Bredov.
306 1867 420 1928 Quaeat.
438 1867 542 1918 critice.
558 1867 590 1918 de
606 1867 718 1920 dialect.

176 1935 308 1986 Herodot.
329 1951 394 2002 pag.
414 1937 475 1990 282.
518 1937 551 1986 ln
567 1938 658 1988 verbis
678 1955 719 1990 ae-

178 2005 324 2072 quentibne
348 2005 402 2055 νῦν
425 1997 560 2071 ἡμέτερον
579 1999 610 2058 τὸ
637 2001 720 2072 ἔργον

176 2075 309 2126 articulus
320 2069 352 2124 τὸ
362 2075 440 2127 abest
453 2092 470 2126 a
479 2077 637 2128 Florentino
649 2078 720 2128 libro

175 2145 317 2212 alteroque
327 2146 486 2210 Pariaienai,
497 2147 577 2212 plane
588 2153 619 2197 nt
629 2149 656 2196 in
666 2149 720 2198 Eu·

176 2215 257 2280 ripid¹
268 2216 482 2268 Phoenicaldl:
503 2213 554 2266 σὸν
564 2209 656 2280 ἔργον,
668 2219 685 2268 i.
695 2233 718 2266 e.

177 2289 285 2335 τακαινίσ
298 2301 319 2334 ιι.
332 2287 412 2346 officii
423 2290 459 2337 tui
468 2295 507 2337 eat
515 2325 521 2350 ,
536 2287 582 2336 ubi
595 2285 672 2351 plura
685 2287 721 2336 ei·

178 2355 253 2405 anilia
264 2354 356 2404 attulit
365 2353 529 2407 Valckenar.
557 2356 618 2406 Hoc
628 2361 720 2406 tamen

175 2425 238 2475 loeo
250 2425 406 2476 Herodoteo
425 2426 499 2476 haud
520 2427 578 2476 seio
595 2441 631 2476 an
646 2431 720 2476 reete

176 2496 328 2546 retineatur
336 2495 478 2559 articulus,
488 2512 541 2546 non
550 2495 608 2547 aine
618 2497 647 2546 vi
657 2512 721 2562 qua-

175 2566 238 2616 dam
252 2564 377 2628 additus,
391 2570 423 2615 nt
436 2567 464 2616 iu
478 2566 651 2630 Xenophont.
663 2568 720 2616 lle·

175 2635 299 2686 morabb.
318 2636 376 2698 ΙΙΙ,
390 2635 415 2686 3.
435 2639 459 2699 ξ.
480 2635 512 2700 3,
536 2636 584 2686 ubi
602 2636 720 2686 beneda

773 1187 826 1238 que
841 1171 981 1222 enuntiato
1000 1187 1029 1222 cc
1047 1171 1122 1236 ipeoa
1142 1171 1177 1222 ad
1195 1187 1315 1237 pugnam

772 1241 906 1292 invitatae
916 1241 1095 1292 audivissent.
1114 1241 1239 1292 Paeanem
1248 1258 1314 1294 vero

773 1312 909 1362 canebant
921 1310 1053 1361 Perinthii
1068 1311 1102 1361 ob
1115 1311 1259 1362 victoriam
1274 1302 1333 1362 re-'

771 1387 909 1446 portatam
931 1380 1117 1432 exclamantes
1137 1373 1175 1445 Ἰἡ
1204 1373 1315 1430 παιὰν

773 1467 794 1501 a.
809 1467 870 1501 παι
880 1447 925 1500 ωἰι
946 1444 989 1516 (τὸ
1004 1443 1160 1500 παιανικόν
1172 1439 1315 1514 ἐπίρρημα

773 1536 796 1570 ε.
816 1511 981 1584 ἐπίφθεγμα
998 1538 1020 1571 a.
1039 1511 1194 1569 παιανικὸν
1208 1515 1315 1584 ἰδίωμα

773 1592 846 1656 quod
867 1595 950 1642 vocat
967 1583 1124 1642 Atlienaeua
1145 1589 1211 1652 XV,
1231 1589 1266 1639 52
1286 1593 1314 1639 et

772 1663 816 1712 62.
834 1677 861 1726 p.
884 1660 943 1711 696.
964 1661 1013 1710 701
1035 1661 1064 1710 in
1079 1659 1235 1710 huiuamodi
1253 1673 1313 1710 oar-

772 1732 843 1780 mine
868 1730 1016 1782 exclamari
1040 1729 1165 1792 solitum,
1200 1729 1233 1780 de
1260 1745 1312 1794 qno

772 1799 850 1865 plura
874 1801 932 1851 vid.
956 1799 1028 1864 apud
1045 1801 1134 1850 Bode:
1164 1797 1262 1850 Geeelr.
1285 1799 1311 1848 d.

770 1870 878 1921 Hellen.
892 1869 1060 1920 Dichtknnat
1080 1871 1124 1931 ΙΙ,
1146 1870 1170 1921 l.
1194 1884 1257 1933 pag.
1282 1867 1314 1916 10

770 1939 1313 2076 ΞΞΙΙ)(Ιίῶἱῗὲἒωῖἒῖἓίεέίῖιῗὲἶ

770 2082 863 2130 vocari
884 2097 917 2132 ex
935 2080 1041 2132 oraculi
1062 2084 1151 2130 mente
1173 2079 1313 2128 existima·

769 2149 837 2200 bant
858 2151 990 2200 Paeones.
1032 2150 1074 2200 De
1101 2151 1161 2213 ipae
1182 2147 1312 2210 carmine,

772 2219 841 2283 qued
856 2219 967 2270 Paeanis
982 2219 1088 2269 nomine
1105 2218 1179 2283 apud
1193 2219 1313 2268 Graecos

771 2287 940 2349 declaratur,
959 2288 1038 2351 plura
1051 2288 1148 2338 afferre
1162 2287 1243 2338 huiua
1258 2287 1313 2338 loci

771 2371 826 2406 nou
842 2362 884 2406 cat
896 2362 959 2420 poet
973 2371 1020 2417 ca,
1042 2371 1111 2420 qnae
1131 2360 1158 2406 et
1170 2358 1245 2408 Bode
1259 2357 1277 2406 l.
1294 2355 1310 2405 l.

771 2441 834 2491 pag.
854 2425 958 2490 9aeqq.
978 2429 1006 2476 et
1023 2424 1053 2476 C.
1067 2425 1100 2476 Ο.
1114 2425 1240 2475 Mueller:
1260 2426 1313 2476 Dia

771 2497 858 2546 Dorer
867 2495 923 2560 Lp.
932 2494 981 2545 297
994 2492 1178 2558 protulerunt:
1192 2493 1220 2542 id
1230 2507 1312 2544 unum

772 2581 881 2628 manee,
900 2564 926 2618 h.
940 2563 957 2614 l.
974 2564 1007 2614 de
1022 2578 1054 2612 eo
1068 2577 1173 2627 paeane
1189 2563 1313 2626 cogitau-

771 2636 834 2686 dum
848 2651 923 2697 erae,
948 2634 995 2700 qui
1007 2637 1071 2698 poet
1086 2645 1204 2698 pugnarn
1223 2631 1312 2682 felici-

175 2705 220 2755 hia
237 2705 343 2756 monuit
363 2705 497 2757 Kuehner.
535 2706 635 2772 attigit
655 2721 721 2772 quo·
772 2711 812 2757 ter
836 2705 941 2756 linitam
965 2703 1164 2767 victoriamque
1187 2705 1312 2766 reporte-

175 2790 230 2841 quc
243 2775 379 2826 Matthiae
394 2775 440 2829 Gr.
455 2777 500 2827 Gr.
514 2780 538 2840 §-
552 2777 611 2827 264.
641 2777 718 2838 Quae
771 2781 827 2826 tam
840 2775 904 2826 cani
914 2772 1033 2834 colebat3
1052 2786 1177 2837 namque,
1188 2770 1313 2822 utScho·

176 2848 231 2896 iam
253 2846 375 2910 requitur
395 2847 533 2910 narratio,
561 2861 620 2896 eam
645 2847 720 2912 inge·
769 2845 869 2896 linetae
887 2844 922 2896 ad
933 2843 1137 2921 Thareydid.,1,
1153 2841 1187 2894 50
1200 2841 1313 2920 afferam

175 2931 248 2966 unae
266 2915 455 2980 aimplieitatia
472 2931 532 2968 ease
551 2921 580 2966 et
591 2916 627 2966 ad
638 2922 719 2967 nata-
767 2916 867 2978 verba,
886 2906 940 2964 daie
955 2911 1078 2969 παιᾶνας
1090 2908 1163 2978 adea
1176 2903 1206 2960 oi
1224 2908 1314 2976 Ελλη-

175 3001 234 3035 ram
244 2988 333 3050 ipaam
346 2988 463 3038 maxime
474 2986 720 3048 accommodatam,
770 3000 830 3046 νες,
847 2978 903 3048 πρὸ
917 2979 968 3048 μὲν
980 2980 1032 3032 τοῦ
1044 2975 1168 3060 πολέμου
1187 2978 1217 3062 [ἰ.
1228 2996 1252 3032 e.
1263 2979 1313 3058 τῆς

175 3061 329 3106 monstrare
340 3055 432 3106 studet
442 3057 664 3122 Waardenburg:
678 3058 720 3106 De
769 3049 872 3120 μάχης]
886 3053 925 3116 τῷ
933 3046 1021 3115 Ἀρει,
1042 3066 1110 3116 μετα
1124 3045 1154 3100 δὲ
1168 3065 1220 3100 τον
1233 3049 1312 3098 πολε-

174 3126 271 3176 nativa
286 3125 429 3190 simplicit.
442 3125 578 3176 Herodoti
589 3141 651 3192 pag.
671 3125 720 3177 180
769 3139 825 3190 μον
839 3123 878 3190 τῷ
887 3117 1038 3204 Ἀπόλλωνα
1046 3139 1054 3183 ;
1079 3120 1313 3202 vidinterpretea

175 3211 266 3315 τειχῦν
286 3250 325 3312 ἂν
341 3259 386 3326 εἴη
407 3255 422 3314 ὁ
442 3255 567 3328 χρησμὸς
585 3251 722 3312 ,mm-
770 3191 1085 3324 {glhlgifIt,lYgeaelrng.
1099 3190 1260 3242 adDredor.
1271 3190 1300 3240 Sl

174 3325 356 3400 μενοςὴμῖν]
371 3333 516 3385 Oraculum
527 3333 650 3384 Paeones
664 3339 721 3382 tum
819 3329 1003 3398 παιωνίσασι]
1033 3331 1109 3380 Haec
1136 3329 1220 3379 verba
1240 3329 1313 3380 exci-

174 3404 283 3471 impleri
296 3409 403 3469 putant,
417 3404 524 3470 qnando
535 3403 660 3454 Paeanem
669 3405 721 3454 Pe·
773 3409 836 3453 tana
849 3402 976 3452 Euetath.
995 3401 1029 3452 ad
1041 3401 1152 3449 Homer.
1170 3398 1214 3448 Ili.
1228 3400 1264 3448 ΙΙ.
1284 3414 1312 3462 ρ.
1336 3419 1338 3424 ’

174 3475 292 3526 rinthioc
309 3473 493 3525 exclamantes
509 3473 638 3526 audiunt:
666 3489 720 3538 qua
772 3472 838 3536 ³59,
854 3472 887 3524 3ss
901 3471 943 3522 ed.
957 3473 1035 3523 Rom.
1052 3485 1079 3534 p.
1091 3470 1158 3529 272,
1178 3469 1211 3517 22
1227 3467 1313 3518 Basil.

175 3546 304 3596 nimirum
314 3559 382 3595 voce
393 3560 422 3595 ae
433 3545 508 3610 ipsos
519 3545 612 3610 potina
627 3543 720 3609 (Paee-
774 3541 836 3594 coll.
851 3543 878 3592 in
888 3541 985 3606 Odyec.
1001 3541 1049 3600 IX,
1064 3555 1090 3604 p.
1105 3537 1165 3600 366,
1181 3538 1220 3590 18.
1231 3536 1258 3601 *)
1271 3537 1312 3587 'ob

175 3614 231 3680 aea)
249 3615 412 3664 nominatim
431 3615 564 3680 appellari
583 3619 665 3678 atque
683 3612 718 3662 ad
771 3606 932 3676 παρήχησιν
946 3611 973 3661 in
987 3609 1079 3662 verbis
1094 3606 1265 3656 παιωνίσασι
1279 3635 1312 3645 -

175 3683 351 3752 pugnandum
373 3686 518 3749 provocari
543 3683 718 3744 existimant3
771 3681 896 3739 Παίονες
920 3681 999 3732 affert
1023 3675 1205 3739 adinvicem,
1235 3677 1313 3728 cuiae

175 3757 211 3806 ab
239 3755 352 3806 oraculo
377 3760 467 3805 autem
492 3754 583 3805 hostes
608 3753 720 3820 aggredi
770 3752 833 3804 loco
856 3753 884 3802 in
914 3751 956 3802 ed.
976 3749 1062 3800 Baeil.
1088 3748 1220 3812 scriptum
1244 3747 1313 3797 adeo

175 3827 244 3876 inari
260 3830 358 3888 erant,
375 3825 484 3890 qnando
503 3841 579 3876 aurrm
601 3823 721 3888 ipsorum
772 3826 863 3874 exstat
887 3820 1066 3870 necatricem:
1099 3818 1153 3868 niai
1170 3822 1314 3878 utrumque

175 3913 274 3948 nomeu
290 3912 308 3946 a
319 3895 468 3946 Perinthiia
483 3895 664 3947 exclamatum
679 3908 722 3944 eo·
772 3893 824 3944 hoo
843 3910 857 3943 e
881 3893 950 3943 vitio
970 3895 1063 3941 natum
1077 3888 1231 3946 existimes,
1254 3897 1313 3932 cnm

228 4083 248 4130 ¹)
266 4079 388 4130 „Studiose
402 4076 511 4132 quaesitae
525 4077 681 4120 recentioribus
696 4078 832 4120 commodum
842 4077 925 4118 ablatae
941 4074 1095 4116 elliterationea
1109 4077 1255 4128 nonereraua
1266 4065 1313 4105 evi·

178 4139 252 4175 larunt
271 4137 366 4172 veteres:
386 4135 470 4183 praeter
488 4131 585 4168 caeterea
601 4129 702 4170 lleiekina
720 4136 770 4184 apta
790 4129 895 4182 quaedem
916 4140 962 4169 eam
982 4127 1003 4166 in
1022 4136 1066 4165 rem
1086 4121 1176 4172 collega
1190 4129 1212 4157 m
1225 4117 1315 4158 Mracell.

180 4193 237 4248 Llpa.
252 4191 308 4233 Nor.
327 4191 364 4231 Vl.
380 4203 401 4244 μ.
414 4189 466 4230 llt“
486 4187 614 4230 veletren.
641 4190 694 4231 Plet.
710 4191 802 4232 Ccnrlv.
818 4203 839 4243 p.
854 4189 898 4228 185.
912 4199 959 4240 cap.
974 4185 1009 4226 1³:
1025 4171 1194 4226 Παυσανίου
1204 4166 1235 4222 di
1246 4188 1315 4224 παν-

179 4249 317 4320 σαμένου,
332 4258 370 4298 nbi
388 4257 416 4296 de
430 4253 538 4296 eiuamodi
557 4253 703 4297 elliteretiene
723 4255 780 4296 haud
795 4253 927 4307 infrequenti
945 4250 1057 4291 veteribus
1070 4247 1135 4300 plura
1149 4246 1251 4288 excitarit
1265 4249 1313 4288 Ast.

179 4343 230 4386 pag.
244 4329 291 4370 237.
318 4325 376 4367 lnam
395 4320 546 4377 apudllerod.
569 4321 618 4372 Vll,
636 4326 675 4365 229
697 4324 791 4378 legimus
814 4318 908 4366 λειπ
922 4305 1095 4376 θ’ψυχὲοντα
1118 4309 1314 4376 λειφθῆναι.

179 4397 212 4438 το
226 4395 272 4439 aa.
286 4393 418 4444 meleager.
433 4379 499 4448 περὶ
511 4375 601 4448 εὐρέι.
617 4391 654 4441 ιν,
669 4391 689 4432 τ.
711 4393 744 4444 (ἰ.
762 4393 799 4434 m.
818 4406 841 4446 p.
857 4391 894 4433 ιω
908 4388 979 4430 aava.
996 4388 1080 4431 caece.
1099 4387 1135 4430 ea.
1149 4387 1231 4438 ναι.)
1251 4397 1313 4440 pae-

178 4461 297 4515 apiemem
313 4451 377 4521 arel
390 4449 584 4521 παρρχήσεως.

1124 4533 1164 4596 1*
