2986 5014
448 285 719 348 POLYMNIA.
744 283 815 345 vlt.
835 291 988 348 eeu-238.
1216 277 1276 340 795

155 488 217 532 νου
235 463 295 529 τοῦ
315 456 435 546 ἀστοῦ,
465 457 621 548 πολιήτης
648 455 733 546 ἀνὴρ
761 454 800 527 τά
823 453 939 546 ἀριστά
960 460 996 526 οἱ
1015 457 1173 526 δοκέοντα
1193 451 1276 524 εἶναι

155 561 353 650 ὑποθέοιτο,
381 570 411 634 ελ
438 562 482 652 μὴ
503 563 616 652 πρόσω
639 559 756 652 ἀρετῆς
775 559 909 651 ἀνήκοι·
944 557 1077 630 σπάνιοι
1101 556 1132 628 δ’
1158 560 1221 628 εἰσὶ
1246 561 1281 628 οἱ

156 673 309 738 τοιοῦτοι.
345 673 452 751 ξεῖνος
480 669 517 736 δὲ
547 671 644 761 ξείνω
670 658 709 735 εὖ
736 667 920 754 πρήσσοντί
945 668 1013 734 ἐστι
1042 660 1278 754 εὐμενέστατον

156 773 308 859 πάντων,
341 773 656 860 συμβουλευομένου
676 797 712 839 τε
743 765 786 838 ἀν
805 769 1067 857 συμβουλεύσειε
1088 766 1128 837 τά
1150 763 1276 854 ἀριστα.

157 872 243 945 οὕτω
259 867 307 944 ῶν
328 882 524 964 κακολογίας
545 877 619 963 πέρι
634 879 691 963 τῆς
711 877 743 954 ἐς
759 874 975 962 Δημάρητον,
998 871 1109 952 ἐόντος
1129 873 1199 960 ἐμοὶ
1211 875 1276 952 ξεί·

12 1039 14 1068 ,
103 1001 245 1066 σιινου,
273 985 412 1068 ἔχεσθαί
428 1007 503 1050 τινα
522 985 582 1048 τοῦ
604 983 723 1048 λοιποῦ
742 977 880 1046 κελεύω.
925 981 1034 1046 Ταῦτα
1051 986 1145 1056 εἴπας
1158 977 1344 1062 Ξέρξηςλδὸ

157 1085 279 1172 διεξήιε
301 1083 356 1153 διά
378 1088 447 1152 τῶν
468 1088 614 1171 νεκρῶν·
648 1083 702 1152 καὶ
717 1085 914 1170 Λεωνίδεω,
941 1077 1089 1170 ἀκηκοῶς
1111 1077 1160 1148 ὅτι
1181 1085 1275 1166 βασι-

156 1187 233 1268 λεύς
246 1215 281 1256 τε
299 1179 341 1278 ἦν
355 1188 410 1256 καὶ
423 1184 605 1276 στρατηγὸς
618 1189 909 1273 Λακεδαιμονίων,
925 1187 1078 1254 ἐκέλευσε
1092 1181 1276 1271 ἀποταμόν-

155 1319 213 1372 τας
234 1289 296 1381 τὴν
317 1288 467 1380 κεφαλὴν
486 1287 752 1380 ἀνασταυρῶσαι.
795 1287 879 1377 δῆλά
896 1315 951 1377 μοι
976 1296 1125 1358 πολλοῖσι
1145 1286 1206 1376 μὲν
1223 1285 1278 1354 καὶ

157 1488 484 1562 ομλειλίτοπιάποθέοιτο,
501 1497 695 1564 dequeiorrne
745 1497 863 1546 iaciunt:
892 1497 935 1562 qui
957 1512 1023 1546 meua
1047 1503 1085 1546 eet
1104 1495 1207 1558 λοεμτε,
1231 1491 1279 1544 eed

157 1569 230 1617 coni.
249 1567 365 1620 Bredov.
384 1583 446 1634 pag.
462 1567 511 1618 395
532 1576 560 1618 et
575 1567 630 1618 vid.
650 1583 696 1618 ac·
746 1581 961 1634 unumquemque
978 1566 1166 1616 criminatione
1187 1565 1214 1614 in
1226 1565 1280 1613 De·

158 1637 308 1700 pra1‚53.
344 1638 385 1687 De
404 1637 480 1688 verbi
499 1637 696 1698 significatione
745 1643 879 1686 meretum
898 1636 1034 1686 abstinere
1051 1635 1113 1686 ideo
1130 1635 1204 1684 iubet
1222 1649 1279 1694 rex,

158 1707 214 1756 vid.
236 1713 303 1758 nott.
318 1706 353 1758 ad
370 1709 407 1771 V,
421 1709 462 1758 92.
479 1708 503 1770 ξ.
520 1709 545 1760 o.
578 1708 696 1758 Verbum
745 1709 804 1774 quia
815 1707 965 1757 Demaratus
984 1707 1062 1770 ipaiua
1080 1709 1114 1756 eit
1126 1704 1227 1770 λοερεε,
1245 1704 1279 1756 ab

160 1776 276 1826 medium
297 1771 540 1844 συμβουλεύεσθαι
563 1779 644 1841 attigi
662 1777 695 1828 cd
746 1777 854 1842 hospite
874 1782 964 1826 autem
986 1792 1050 1842 erge
1075 1775 1206 1840 hospitem
1225 1791 1279 1825 non

158 1846 222 1908 Vll,
237 1845 287 1896 235
303 1847 380 1909 init,
396 1848 517 1897 activum
527 1843 697 1914 σνμβουλεύ-
747 1848 800 1896 niei
822 1846 1040 1898 benevolentiam
1061 1850 1214 1909 exrpeotare
1237 1845 1279 1895 ica

159 1930 201 1964 ειν
214 1917 425 1968 veietconrilr'am
440 1918 504 1968 dere
516 1919 624 1968 adonin.
638 1933 696 1968 corr·
746 1917 793 1968 eit.
820 1917 906 1966 Inhie
920 1931 1026 1982 quoque
1041 1914 1184 1966 secundum
1198 1915 1280 1964 Grae·

158 1989 256 2044 calere,
265 1988 414 2050 pruepr'cere
424 1989 507 2038 elicui.
535 1989 606 2038 Hinc
617 1987 697 2038 lmine
746 2003 839 2037 corum
848 2001 935 2037 morea
944 1991 1027 2050 atque
1037 1987 1162 2036 instituta
1172 1983 1280 2050 loquen-

158 2053 213 2106 ioci
225 2059 374 2114 sententie:
393 2055 423 2107 Si
439 2059 499 2108 civia
516 2059 590 2108 civem
607 2073 697 2108 correu-
747 2063 800 2107 tem
813 2057 957 2107 Perenrum
971 2071 1062 2120 regem
1074 2053 1184 2118 inducit
1196 2053 1281 2104 Here-

159 2127 197 2174 Ιολ
210 2143 231 2176 e.
245 2140 299 2176 οντα
311 2128 362 2176 eme
377 2131 481 2178 concilia
493 2129 619 2190 conferet.
747 2126 842 2190 dotus,
864 2127 929 2178 aliie
948 2125 1021 2176 heud
1039 2125 1133 2190 pancio
1150 2123 1230 2186 locis,
1251 2127 1280 2173 ut

194 2189 221 2243 εἰ
231 2187 270 2259 μὴ
280 2191 377 2258 πρόσω
392 2189 493 2261 ἀρετῆς
504 2187 617 2262 ἀνήκοι]
637 2197 655 2245 Ι.
672 2213 695 2246 e.
747 2197 876 2258 vidimus,
897 2197 988 2247 Peraia
1008 2193 1180 2260 loquentibua
1198 2193 1280 2246 Grae·

159 2266 208 2315 uiri
218 2268 321 2316 νὶιτνὶιιε
333 2269 357 2316 in
368 2270 458 2318 νίκασε
467 2281 620 2331 μινρνεεειαι
631 2275 698 2317 erret
746 2283 794 2319 cea
808 2267 959 2318 attribuens
973 2265 1132 2317 sententiae.
1204 2301 1206 2308 ,

160 2351 182 2384 e.
197 2351 298 2400 ωορυοε
316 2340 340 2386 in
354 2341 443 2388 virtute
461 2339 565 2399 secr'eret
579 2353 698 2402 propr-er·

159 2421 210 2454 erre.
243 2405 341 2456 Metth.
360 2405 405 2459 Gr.
422 2404 468 2456 Gr.
488 2421 549 2473 pag.
569 2408 620 2458 048
639 2423 698 2457 ver·
752 2471 755 2476 .
872 2437 928 2490 cu,
958 2437 1145 2490 ccxxxvm

159 2473 254 2526 nacule
263 2475 365 2526 reddit:
386 2493 414 2527 ee
425 2479 480 2526 weit
493 2477 595 2540 deiopeia
608 2479 632 2526 in
644 2477 696 2526 Λιι-
746 2507 751 2514 -
931 2476 937 2488 '
1148 2475 1154 2488 ⁸

158 2543 250 2609 ειλιιυρ
269 2545 313 2594 der
330 2546 448 2612 ΙΙιριπδ,
469 2549 487 2596 i.
510 2561 532 2598 e.
546 2550 572 2596 in
587 2549 633 2597 der
649 2547 698 2596 Τυ-
782 2537 887 2608 διεξήϊε
899 2539 949 2592 διά
961 2541 1018 2592 τῶν
1031 2539 1148 2607 νεκρῶν]
1169 2543 1188 2593 i.
1200 2557 1224 2594 e.
1234 2555 1283 2604 per

156 2615 231 2678 perid.
249 2615 309 2666 vid.
321 2623 390 2668 nott.
404 2617 441 2668 ad
451 2617 513 2680 VII,
523 2617 548 2668 9.
560 2621 584 2680 ξ.
596 2617 621 2668 3.
634 2617 696 2676 VII,
746 2622 854 2671 mortuos
871 2615 972 2665 transiit
993 2629 1015 2663 ε.
1035 2621 1183 2665 mortuorum
1204 2613 1283 2662 coda·

160 2685 198 2734 Ι3.
216 2685 273 2736 13⁴.
284 2685 326 2736 60.
354 2688 433 2737 Ocni.
448 2687 574 2738 Kueimer
589 2687 636 2738 Gr.
649 2687 695 2736 Gr.
745 2702 809 2736 vera
822 2685 1008 2748 praetereundo
1026 2683 1164 2744 recreatur,
1184 2687 1214 2732 ut
1226 2683 1281 2732 iere

158 2759 183 2816 β.
197 2753 263 2815 513,
278 2757 463 2807 betFriteclr:
485 2757 696 2822 Vergieichende
747 2755 777 2818 1,
791 2755 849 2806 199.
884 2755 962 2817 Quod
984 2755 1105 2820 aequiter
1123 2750 1170 2804 καλ
1182 2749 1284 2802 Aenei-

157 2825 340 2891 Bearbeitung
357 2827 382 2875 d.
398 2825 505 2878 Griech.
518 2843 544 2878 u.
554 2829 616 2877 Lat.
629 2829 697 2878 Par·
748 2822 817 2888 δεω,
834 2825 861 2874 id
874 2841 928 2876 non
942 2824 977 2874 ad
990 2824 1217 2889 praepositionem
1233 2813 1282 2870 διά

157 2892 304 2970 tikeip.11.
320 2895 479 2976 p.1302eq.
747 2896 900 2959 retulerim,
920 2895 966 2946 red
983 2895 1019 2944 ad
1031 2895 1114 2944 verbe
1136 2911 1210 2962 aeqq.
1227 2883 1282 2942 ἔκέ·

205 2975 278 3010 ουτω
305 2977 357 3012 ουν
383 2963 552 3032 κακολογιής
576 2962 640 3028 πέρι
663 2990 696 3000 -
747 2967 826 3016 λευαε
855 2958 1054 3028 ἀποταμόντας
1080 2957 1132 3029 τὴν
1155 2956 1282 3026 κεφαλὴν

158 3023 276 3094 ἔχεσθαί
298 3047 363 3081 τινα
385 3033 437 3082 τοῦ
453 3033 557 3083 λοιποῦ
581 3029 694 3100 κελεύω]
746 3029 976 3100 ἀνασταυρῶσαι,
998 3036 1126 3086 Leonidae
1142 3037 1223 3099 cupite
1238 3034 1283 3082 οδ-

157 3100 257 3153 Matth.
274 3101 318 3152 Gr.
336 3101 382 3155 (ir.
400 3106 424 3166 ξ.
442 3101 494 3154 353
506 3103 551 3154 fin.
572 3103 640 3154 haec
658 3105 698 3154 ite
746 3109 825 3157 acieeo
836 3121 928 3168 corpus
942 3108 1011 3155 cruci
1023 3105 1095 3170 offipr'
1101 3107 1180 3156 inerit.
1201 3099 1281 3154 Nem·

157 3172 365 3235 iuterpretatur:
392 3210 407 3236 ,,
416 3175 480 3222 Wae
496 3174 537 3224 dic
549 3173 697 3225 δολτκὰλιιπ-
748 3191 799 3241 que
814 3175 849 3225 ad
863 3168 1078 3238 ἀνασταυρῶσαι
1092 3175 1229 3225 commode
1242 3174 1282 3223 in-

154 3257 204 3307 ρεπ
218 3241 327 3305 bete-iffi,
342 3257 371 3292 ιο
382 3242 479 3319 petiere
489 3243 541 3303 ee,
554 3243 606 3292 cicli
619 3244 697 3294 deren
748 3245 834 3310 tellig.
856 3236 957 3306 αύτόν,
979 3245 996 3294 i.
1019 3260 1043 3297 e.
1063 3236 1113 3292 τῶν
1125 3241 1281 3308 Λεωνίδην.

129 3361 132 3368 ,
156 3327 187 3362 εει
201 3312 356 3362 εαιλαλλοπ.“
378 3327 443 3360 τινα
453 3315 604 3376 acceperim
615 3329 698 3364 unum·
747 3317 863 3364 Domum
887 3320 978 3364 entem
996 3314 1133 3366 Leonidae
1156 3329 1218 3366 οεειι
1242 3330 1282 3364 re·

156 3397 288 3448 pueroque,
302 3381 337 3436 ci.
349 3381 502 3435 Marmor.
513 3383 558 3432 Gr.
568 3385 592 3446 ξ.
604 3383 696 3446 487,2.
747 3385 805 3435 lota
825 3399 884 3435 ease
906 3400 923 3434 e
941 3384 1077 3437 Pausania
1102 3384 1283 3450 quadraginta

157 3451 228 3502 Hinc
241 3451 340 3504 Letine
356 3452 553 3518 expresserimr·
571 3453 660 3517 Ιιαριιε
673 3469 696 3504 a.
748 3459 809 3519 poet
819 3455 897 3504 onnia
911 3457 1005 3504 auctor
1017 3461 1058 3503 eet
1070 3455 1219 3505 Pannoniae
1229 3454 1281 3516 ΙΙΙ,

157 3521 244 3572 detine
265 3523 333 3585 quod
350 3523 387 3574 od
404 3524 588 3574 criminationes
604 3526 628 3572 in
647 3523 698 3574 Ιλε-
750 3526 789 3574 14.
818 3523 841 3586 5.
868 3525 890 3574 Ι.
931 3525 972 3574 Ι)ε
998 3523 1084 3575 leonia
1110 3529 1282 3576 monumento

156 3599 291 3652 morarum,
311 3608 499 3657 υοαωραευιρνε
518 3595 550 3642 iis
571 3593 698 3644 obstinere
746 3599 842 3660 poetce
856 3609 873 3644 ι
886 3593 998 3644 Graecia
1012 3599 1103 3646 erecto
1122 3598 1150 3646 in
1168 3593 1281 3653 tumulo,

157 3664 181 3710 in
193 3668 320 3723 porterum
336 3663 416 3714 iubeo.
453 3661 524 3712 Male
543 3663 570 3712 in
589 3663 698 3728 quibua·
746 3664 793 3714 ubi
812 3663 950 3714 ceciderat
961 3664 1111 3728 Leonidae,
1133 3663 1189 3716 vid.
1202 3677 1283 3728 cupre

158 3731 218 3780 dem
229 3730 307 3785 codd.
319 3725 499 3796 περιέχεσθαι
511 3749 559 3798 pro
571 3725 696 3796 ἔχεσθαι,
746 3733 809 3796 vll,
818 3735 869 3784 225
883 3734 973 3799 ibique
982 3739 1065 3794 nott.;
1082 3733 1116 3785 de
1127 3733 1283 3798 inecriptio·

157 3800 229 3864 qued
254 3799 394 3852 ubetioerrdr'
411 3803 523 3853 notione
544 3803 696 3852 invenimus
746 3804 826 3854 nibus
848 3803 916 3865 v11,
941 3803 992 3854 228
1015 3805 1107 3870 ibique
1132 3809 1200 3854 nott.
1242 3803 1282 3852 De

157 3870 213 3928 VI,
227 3869 270 3922 δῦ.
746 3876 828 3923 cruore
844 3874 977 3938 supplicio
996 3875 1066 3924 coni.
1086 3873 1171 3924 allata
1187 3871 1221 3922 ad
1235 3873 1281 3936 vl,

191 3927 288 3994 ἐόντος
302 3931 364 4000 iper
380 3933 485 4004 ξείνου]
506 3941 696 4005 Exepectabea
746 3943 794 4004 30,
817 3943 892 3992 etde
909 3944 1007 4008 capitia
1019 3944 1133 3994 cbeoiaei
1148 3942 1281 4008 supplicio

157 3997 285 4056 ἐόντα-
295 4004 390 4068 ξεῖνον
409 4010 442 4059 ob
462 4011 626 4062 antecedens
639 4013 695 4074 Ap·
747 4017 814 4064 nott.
828 4013 862 4062 ed
877 4014 940 4076 vll,
953 4013 995 4064 35.
1012 4041 1044 4049 -
1057 4014 1098 4063 Ad
1110 4027 1191 4063 vocer
1206 4005 1236 4062 Ιτ
1251 4003 1283 4061 δὲ

155 4070 295 4142 μάρητοντ
313 4078 361 4128 aed
375 4079 462 4130 noluit
474 4080 622 4132 iteNoeter
632 4083 697 4130 rcri-
746 4076 782 4144 δὴ
799 4077 846 4130 καὶ
861 4079 933 4145 τῶδε
948 4083 1021 4133 coni.
1039 4087 1110 4135 nott.
1132 4082 1166 4131 ud
1182 4083 1210 4144 1,
1225 4082 1282 4132 185.

157 4148 234 4208 bere,
251 4149 318 4212 quia
327 4163 412 4198 cauea
424 4149 510 4214 ipsine
522 4151 639 4200 actionis
650 4167 695 4202 err·
746 4152 789 4212 11,
802 4151 844 4203 43.
860 4154 903 4203 79.
933 4153 1023 4204 Verba
1038 4146 1153 4200 πάντων
1163 4183 1197 4193 «-
1206 4146 1284 4216 μα’λι-

155 4218 295 4280 primitur,
318 4223 349 4269 ut
369 4225 442 4270 recto
463 4223 555 4270 mouet
573 4219 693 4272 Geiaier:
746 4234 797 4270 στα
807 4214 922 4284 ἀνδρῶν
933 4217 1074 4284 εδζῶοντι
1085 4219 1213 4287 Λεωνίδῃ
1224 4237 1283 4288 pcr-

155 4287 693 4356 DeGrceoc.nominattubreiuttpag.
744 4292 847 4356 tinent,
875 4307 953 4356 quem
976 4294 1068 4343 vivum
1097 4295 1168 4344 inter
1189 4307 1282 4343 omuea

155 4357 198 4409 31.
232 4359 330 4424 Itaque
350 4359 407 4410 noli
421 4365 543 4422 vertere,
565 4365 596 4412 ut
613 4360 693 4425 vulgo
744 4361 865 4412 hominen
885 4363 1001 4413 maximo
1027 4365 1090 4414 edio
1111 4368 1281 4432 prosecutum
