2958 5010
228 372 289 433 724
660 373 928 436 HERODOTI

227 545 408 635 ἀγαγόντες
423 548 477 616 ἐπὶ
491 551 548 636 τῆς
563 545 696 637 opnione
710 554 767 636 τῆς
781 547 859 637 νηός
874 551 1039 636 ἔσφαξαν,
1061 551 1229 631 διαδέξιον
1244 546 1373 617 ποιεό-

228 679 323 741 μενοι
343 649 403 719 τόν
423 645 514 720 εἷλον
535 657 604 722 τῶν
620 647 787 740 Ἑλλήνων
805 658 939 741 πρῶτον
960 654 1015 721 καὶ
1036 651 1225 722 κάλλιστον.
1264 658 1316 746 τῷ
1333 653 1373 722 δὲ

230 755 475 842 σφαγιασθέντι
492 754 598 848 τούτφ
618 751 746 842 οὕνομα
767 747 810 844 ἦν
823 759 936 825 Λέων·
964 756 1045 844 ια’χα
1061 753 1092 824 d'
1113 751 1155 824 ἄν
1168 785 1199 824 τι
1221 757 1429 826 antecessu

164 865 217 927 181
231 856 414 947 οὐνόματος
429 857 614 946 ἐπαύροιτο.
650 854 691 928 ‘H
703 860 745 927 δὲ’
757 866 932 946 Αἰγιναίη,
953 865 1009 948 τῆς
1027 859 1238 948 ἐτριηράρχεε
1259 856 1370 928 Ἀστυ-

228 969 340 1050 νίδης,
360 967 421 1030 καί
439 962 513 1030 τινα
534 983 594 1050 σφι
609 961 763 1050 θόρυβον
778 965 937 1051 παρέσχε,
961 966 1089 1033 Πυθέω
1110 968 1170 1032 τοῦ
1197 961 1371 1051 Ἰσχενόου

229 1179 279 1228 της
293 1163 349 1214 vid.
366 1168 436 1214 nott.
452 1162 487 1213 ad
500 1162 657 1224 v1,96.-
678 1160 768 1210 aeilr—
820 1164 945 1213 voverint
973 1179 1007 1214 ac
1025 1164 1186 1226 mactarint,
1215 1179 1272 1230 qno
1297 1163 1371 1215 deos

229 1227 337 1284 crerierv
361 1233 505 1300 aliquoties
524 1235 624 1284 Noster
648 1233 718 1282 dixit
737 1247 769 1281 eo
820 1235 954 1298 propitios
979 1233 1031 1282 eibi
1056 1232 1200 1284 redderent
1224 1232 1370 1299 simulque

229 1319 325 1367 sensu,
339 1319 392 1368 qno
405 1303 473 1354 alias
484 1294 650 1362 τοτ’11ιστον,
666 1296 770 1350 εὐειδέ’·
820 1303 917 1352 bonnm
931 1303 1071 1368 augurium
1085 1303 1270 1366 expeditionis
1283 1305 1371 1353 initio

230 1387 331 1422 στατον
349 1365 423 1422 εἶναι
437 1373 529 1438 (serrem
545 1379 697 1436 praestare,
714 1373 770 1435 pnl-
819 1372 881 1422 inde
893 1379 1032 1436 caperent.
1067 1369 1214 1432 διαδέξιον
1227 1379 1369 1423 monstra-

228 1441 683 1508 cderrr'mmn,formosissimumerae);
698 1440 769 1490 unde
818 1442 859 1492 vit
869 1441 969 1492 Portus
989 1441 1059 1492 idem
1075 1459 1134 1494 esee
1152 1449 1234 1508 atque
1255 1437 1368 1504 δέξιοα,
1465 1473 1466 1492 τ

229 1512 428 1576 selgenitiunm
440 1513 571 1562 adsciscit
582 1511 680 1572 VI,6l.
700 1509 768 1560 Add.
818 1507 929 1573 αἴσιον,
955 1503 1082 1574 εὐτυχὲς,
1110 1519 1140 1561 nt
1157 1513 1231 1576 apud
1247 1513 1369 1562 Latinos
1465 1523 1466 1528 ’

230 1583 252 1644 1,
270 1582 327 1632 1116.
343 1581 389 1643 IV,
406 1581 464 1631 163.
482 1581 537 1632 180.
555 1581 706 1641 v111‚124.
735 1579 768 1628 In
817 1581 935 1631 dextram
948 1582 1058 1645 ponitur
1069 1596 1117 1646 pro
1127 1583 1230 1645 sanato,
1251 1584 1323 1632 laeto
1337 1599 1369 1630 nc

230 1653 351 1716 proxime
362 1665 438 1716 seqq.
448 1665 463 1700 e
473 1650 613 1706 Sancroiti
624 1649 692 1700 libro
702 1648 770 1698 alio·
815 1665 952 1714 prospero.
989 1651 1086 1716 Itaque
1102 1647 1197 1710 δέξιον
1211 1649 1372 1700 ποιεῖσθαί

229 1736 282 1786 que
295 1719 457 1771 Scheelerns
474 1720 549 1770 dedit
564 1712 611 1768 lut
625 1712 678 1782 τήν
695 1711 770 1780 πριό-
819 1733 845 1768 τι
858 1719 927 1770 ἱᾶσιν
940 1720 999 1770 lere
1011 1721 1085 1770 velet
1100 1727 1129 1770 at
1149 1737 1183 1770 ue
1198 1718 1328 1784 νομιζειν
1342 1737 1367 1770 rr

230 1805 293 1855 ρην,
307 1790 378 1856 quod
390 1805 450 1840 cnm
461 1789 544 1840 verbo
553 1781 705 1852 ἀγαγόντες
716 1803 770 1838 me·
819 1785 915 1866 αζσιον
928 1785 974 1838 ταὶ
995 1783 1109 1854 εὐτυχὲς
1125 1737 1215 1852 iicon,
1233 1797 1284 1840 ant
1298 1783 1368 1839 οἰω-

229 1861 282 1912 lins
305 1875 453 1925 congruere
477 1861 601 1924 putabat.
640 1859 771 1909 Sohaele-
820 1872 872 1908 νον
886 1875 911 1907 τι
923 1853 1032 1909 θέσθαι
1046 1859 1265 1922 νο1ποιείοθαι,
1287 1867 1321 1910 ut
1334 1877 1368 1910 cx

230 1929 584 1996 rnmeeqnnntanekker,
601 1927 727 1978 Dindorf.
743 1931 771 1978 et
818 1929 942 1993 Euripid.
967 1929 1091 1996 Iphigen.
1119 1929 1180 1980 Aul.
1204 1930 1255 1982 607
1282 1931 1368 1982 alten

229 2000 353 2051 Dietsch.
386 2000 520 2066 Equidem
537 2015 598 2050 cnm
616 1997 768 2062 Schweigh.
820 1998 1032 2058 Valckenarius,
1049 1999 1366 2050 enietiaminmcntem

230 2075 258 2120 et
273 2070 362 2123 (laist.
383 2069 522 2135 vulgatam
542 2069 659 2118 retInere
678 2067 770 2128 malni,
820 2075 932 2118 venerat
942 2067 997 2117 Διά
1007 2063 1101 2130 ὃέξιον
1111 2069 1229 2122 seribere
1242 2086 1293 2135 pro
1304 2067 1367 2118 deor-

230 2143 255 2190 τί
263 2139 371 2206 quidem
385 2129 431 2188 lat
443 2139 492 2203 τῆς
501 2132 617 2200 sompno
628 2139 665 2202 (in
674 2135 768 2201 prora)
819 2133 925 2198 δέξιον.
958 2195 964 2213 .

230 2225 316 2275 aeque
330 2211 398 2260 bene
413 2209 513 2260 referre
532 2207 627 2258 licebit
638 2208 673 2256 nd
687 2202 771 2270 έσφα-
855 2201 924 2271 τάχα
938 2203 955 2254 d
980 2197 1016 2255 ἄν
1031 2222 1057 2255 τι
1076 2201 1122 2254 ταὶ
1136 2204 1186 2256 τοῦ
1200 2197 1368 2270 οὐνόματος

230 2277 298 2342 ξαν,
321 2279 515 2341 distinctione,
536 2294 605 2343 quae
628 2279 656 2326 in
669 2276 769 2328 Schae-
818 2270 983 2341 έπαόροιτο]
1003 2277 1075 2328 Bene
1089 2279 1188 2328 Portus
1202 2284 1230 2328 et
1244 2277 1368 2330 Valcke-

230 2352 281 2400 Ieri
293 2350 413 2400 editione
427 2353 491 2400 ante
510 2343 635 2409 ἔσφαξαν
650 2348 769 2411 ponitur,
819 2363 880 2398 nar.
889 2348 1005 2408 sortasse
1014 2357 1093 2398 antem
1104 2348 1176 2396 etlam
1187 2349 1294 2412 aliquem
1303 2350 1366 2412 [ττι-

230 2419 328 2470 deleta.
364 2418 406 2468 Ad
428 2408 580 2482 ἀγαγόντες
605 2433 665 2468 cum
685 2418 769 2467 Porto
819 2425 881 2466 ctera
907 2432 921 2465 e
943 2418 1039 2467 nemine
1066 2412 1365 2484 [dioneos—Leonis]

228 2488 357 2554 suppleas
367 2483 438 2550 πρὸς
450 2481 580 2544 ἕαντοός,
597 2488 614 2539 i.
627 2503 651 2538 e.
665 2486 702 2537 orl
710 2503 771 2538 enas
817 2487 946 2550 percepit:
968 2492 998 2535 nt
1017 2501 1112 2550 nempe
1130 2488 1207 2551 peine
1224 2489 1366 2554 cumipse

229 2575 252 2612 s.
273 2561 309 2610 art
326 2574 396 2608 raom
413 2573 506 2611 noveru.
547 2557 669 2621 Namque
687 2563 769 2621 capta
820 2563 958 2621 ageretur,
986 2557 1116 2620 tristeque
1135 2559 1193 2621 ipse
1209 2557 1300 2608 obiret
1325 2559 1366 2607 la·

230 2628 337 2679 Graeca
367 2643 436 2678 neve
463 2629 592 2677 Leontem
622 2628 723 2676 Persae
755 2641 769 2676 e
820 2631 885 2676 turn.
918 2624 971 2675 Ubi
980 2627 1087 2688 [ναοιυαι
1100 2625 1236 2676 intellexit
1247 2629 1364 2678 caedem.

229 2698 417 2749 Graecaneve
437 2700 464 2747 in
483 2712 557 2746 enam
576 2695 723 2746 adductum
741 2695 770 2744 in
820 2696 872 2757 Qui
886 2695 957 2745 enim
971 2695 1023 2746 Lea
1036 2689 1137 2759 (Λέων)
1151 2695 1313 2760 recabatur,
1330 2697 1364 2748 ob

230 2784 311 2832 prora
323 2767 415 2832 (navis
430 2767 566 2831 Persicae)
579 2765 747 2830 iugularnnt
819 2765 846 2814 id
863 2766 951 2830 ipsum
969 2765 1062 2816 Leonis
1083 2780 1178 2816 nomen
1201 2767 1229 2814 in
1247 2765 1301 2817 hoe
1324 2769 1365 2817 in·

271 2833 416 2897 διαδὲξιον
434 2831 597 2896 ποιεύμενοι
623 2827 674 2882 τόν
691 2825 769 2882 εἶλον
817 2835 965 2884 fortunium
977 2833 1105 2884 incidisse
1114 2835 1252 2900 putandus
1263 2843 1319 2888 est.
1333 2837 1365 2886 ln

230 2921 292 2960 τι.τ,
308 2905 344 2972 1.]
369 2906 446 2954 Haec
464 2905 546 2953 verbo
565 2903 702 2967 copiosius
716 2909 770 2952 trs·
818 2907 889 2954 leone
904 2907 996 2954 aretem
1008 2905 1127 2956 Graecos
1145 2905 1249 2970 aliquid
1266 2922 1363 2956 recen·

230 2982 306 3030 cteta
319 2977 354 3026 nb
366 2973 480 3024 Aemilio
494 2974 577 3023 Porto
591 2975 617 3020 in
630 2973 694 3022 Lex.
708 2972 768 3026 Ion.
819 2973 906 3024 ditum
924 2989 957 3022 an
981 2977 1154 3025 tesserarium
1179 2977 1362 3040 quaesivisse,

229 3049 270 3096 ita
284 3045 395 3096 reddere
408 3043 483 3093 licet:
502 3043 626 3102 eser-moe
634 3049 772 3104 praestan·
818 3043 908 3094 velex
927 3045 976 3104 iis,
999 3059 1069 3108 qune
1083 3045 1117 3094 ad
1131 3045 1183 3103 vl,
1200 3045 1246 3096 131
1266 3047 1363 3096 attuli-

227 3119 265 3167 tr'a
276 3117 357 3176 illias,
371 3129 439 3178 quern
448 3113 552 3175 primam
564 3112 717 3162 Graecorum
730 3126 772 3162 ce·
818 3129 888 3174 mne,
899 3113 990 3177 colligi
1001 3117 1109 3177 poterit.
1128 3113 1230 3164 Inded
1241 3115 1362 3166 Schoell.

226 3193 335 3249 perant,
359 3185 450 3232 laetum
466 3195 535 3232 nmen
556 3190 702 3244 captantes,
726 3180 770 3232 rel
817 3181 964 3233 vernacule
977 3183 1079 3233 reddit:
1098 3185 1364 3236 andnicller'clrtlratre

230 3257 347 3305 reanum
364 3251 393 3316 (i.
407 3267 429 3302 e.
447 3249 579 3316 fanetum)
593 3266 661 3301 omen
678 3254 770 3302 enirtr'-
818 3253 871 3302 er's
885 3255 927 3302 neit
941 3255 1032 3302 seluern
1045 3255 1139 3304 nonen
1158 3269 1189 3302 zu
1203 3255 1361 3306 nerdenken.

229 3325 413 3383 urontcer'llnm,
430 3337 499 3386 quem
518 3323 654 3372 eGraecie
664 3324 769 3383 primum
818 3322 935 3372 Verbum
949 3311 1125 3384 έταόρεσθαι
1147 3322 1264 3386 (fructur
1275 3328 1362 3388 perci-

228 3404 303 3458 ptqnc
312 3393 515 3454 formosissimum
526 3399 654 3454 ceperant.
688 3392 720 3440 In
735 3406 767 3442 eo
816 3391 891 3457 pere)
906 3395 933 3442 iu
947 3398 1090 3458 utramque
1102 3403 1206 3458 partem
1217 3401 1244 3444 et
1261 3396 1360 3444 bonam

229 3465 301 3514 enim
321 3462 410 3512 felicis
434 3477 522 3512 rernm
549 3463 638 3512 exiles
657 3476 767 3525 praeoe—
818 3469 845 3512 et
871 3463 966 3512 malem
996 3462 1133 3522 adhiberi,
1160 3467 1229 3514 eatis
1253 3471 1358 3514 notum.

228 3531 766 3597 ginmeibividerevidebantur,exHe-
816 3531 904 3582 Affert
928 3531 1060 3597 quaedam
1086 3532 1299 3594 Valckenarius,
1326 3533 1359 3583 de

228 3603 318 3654 rodoti
331 3606 404 3653 certe
416 3606 520 3663 mente,
540 3602 587 3664 qni
605 3603 644 3650 ita
663 3599 767 3650 iudicat
817 3601 914 3652 similis
926 3603 1047 3652 notionis
1059 3602 1141 3652 verbo
1152 3592 1309 3652 ἀπολαύειν
1321 3603 1360 3653 ei-

228 3691 242 3724 o
255 3673 420 3725 Graecorum
433 3687 515 3734 more,
529 3686 608 3735 quem
619 3672 647 3720 in
658 3670 765 3730 Perses,
817 3671 1075 3722 tansliemotarhne.
1085 3671 1358 3723 adhuciaufll'mron.

227 3748 258 3795 nt
279 3741 394 3802 assolet,
415 3740 589 3792 transtulIeee
606 3741 728 3798 videtur,
749 3755 767 3788 a
818 3757 878 3807 cap.
893 3745 916 3791 2.
931 3741 976 3806 (T.
989 3743 1011 3792 1.
1024 3759 1051 3808 p.
1065 3740 1117 3792 326
1129 3757 1186 3806 seq.
1200 3740 1275 3807 Bip.)

228 3815 326 3882 quibus
350 3811 468 3864 hnmana
496 3810 631 3860 sacrificia
655 3824 766 3873 prorsus

226 3884 348 3936 abluisse
365 3881 414 3932 ille
430 3887 503 3932 certe
518 3885 610 3930 aetate
625 3877 713 3929 velex
732 3879 766 3930 iis

229 3954 321 4020 colligi
343 3958 449 4018 potest,
475 3966 544 4016 quae
570 3949 603 3999 de
622 3949 766 4000 Persarum
969 3913 1036 4026 (ΞΗ
1056 3913 1203 4000 CLXXXI'
1291 4007 1298 4028 ,

230 4023 348 4085 secrisl,
361 4019 766 4085 ttrenorrantur.1taquecae-
852 4013 902 4066 καί
921 4031 985 4066 τινα
1002 4021 1052 4079 σφι
1072 4010 1201 4082 θόρυβον
1224 4015 1356 4080 παρεσχτ]

227 4097 288 4148 dem
306 4095 402 4144 Graeci
419 4089 534 4141 hominis
557 4090 634 4154 eapti
653 4089 766 4154 eiusque
815 4089 833 4138 i.
844 4105 867 4136 e.
881 4089 1020 4139 troannllonr
1034 4089 1223 4149 trepidationem
1234 4086 1298 4148 ipris
1310 4102 1359 4136 ex·

226 4162 416 4216 formosissimi
438 4160 479 4224 (in
498 4161 619 4222 corporis
642 4159 765 4210 formosi·
814 4157 903 4220 dibirit,
930 4159 1022 4221 nepotil
1042 4157 1151 4207 nouailnl
1168 4157 1258 4206 Persic
1277 4170 1359 4218 prae-

226 4240 286 4285 tate
307 4238 438 4299 quantam
457 4228 511 4278 vim
529 4228 626 4280 Graeci
646 4229 763 4294 positam
815 4227 866 4278 teir
889 4243 911 4280 s.
935 4228 1074 4290 facessivit.
1112 4227 1172 4276 Non
1194 4225 1276 4274 aliter
1300 4225 1359 4276 lere

225 4305 362 4367 putarint,
379 4299 529 4368 monuimus
542 4299 577 4349 ad
590 4299 641 4362 III,
660 4301 669 4350 l
686 4303 713 4348 et
730 4301 761 4363 V,
814 4290 962 4363 πρήγματα
973 4291 1105 4360 παρέχειν
1116 4298 1137 4360 l,
1152 4296 1208 4346 ldd.
1221 4294 1278 4344 175.
1305 4287 1359 4343 πό-

229 4373 272 4437 te)
298 4389 315 4422 a
332 4371 424 4421 Persis
443 4369 544 4419 lactem
563 4370 668 4420 Graeco
691 4383 763 4420 more
814 4382 866 4416 νον
881 4363 1013 4430 παρέχειν
1025 4367 1047 4427 1,
1066 4367 1122 4417 177.
1136 4391 1168 4400 -
1182 4365 1214 4413 In
1228 4379 1307 4430 seqq.
1323 4365 1357 4416 de

225 4443 264 4492 sle
278 4440 405 4506 explicat,
420 4447 450 4490 nt
462 4439 535 4491 illum
546 4439 647 4512 Persae
657 4439 709 4488 diis
719 4440 764 4489 de·
815 4437 912 4502 l'ptlrco
925 4437 996 4486 conl.
1010 4437 1090 4498 VIII,
1101 4435 1135 4488 02
1148 4433 1210 4486 eott.
1224 4435 1262 4484 VI
1268 4435 1290 4498 1,
1307 4435 1355 4486 137
