3054 4972
1225 361 1286 426 579

470 365 741 430 POLYMNIA.
767 364 836 428 VII.
860 373 979 432 92-95.

156 572 217 634 ρον
231 545 423 626 ἐκαλέοντο,
446 543 484 610 έν
502 557 588 610 τοῖσι
608 539 769 626 πρώτοισι
790 545 858 610 τῶν
871 536 982 626 λόγων
996 548 1134 627 εἴρηται.
1176 533 1286 618 Ἴωνες
1294 549 1334 612 94

156 648 192 716 δὲ
208 645 327 717 ἑκατὸν
341 648 419 726 νέας
433 651 647 733 παρείχοντο,
663 646 900 731 ἐσκευασμένοι
917 639 961 722 ὠς
976 638 1144 730 Ἕλληνες.
1174 637 1289 722 Ἴωνες

156 751 209 834 di,
234 747 313 818 ὅσον
327 747 389 836 μὲν
402 747 524 834 χρόνον
539 751 576 816 ἐν
591 745 837 838 Πελοποννήσῳ
851 757 963 815 οἴκεον
976 744 1037 832 τήν
1050 751 1115 813 νῦν
1128 747 1286 832 καλεομέ-

155 882 218 940 νην
233 851 399 938 Ἀχαιΐην,
420 851 476 918 καὶ
491 843 612 935 πρὶν
592 878 612 936 η
627 849 766 918 Λαναον
786 876 821 917 τε
836 852 927 918 καὶ
904 853 1040 924 Ξοῦθον
1055 845 1236 916 ἀπικέσθαι
1255 851 1288 927 ἐς

155 955 432 1040 Πελοπόννησον,
454 949 497 1032 ὦς
514 950 672 1040 Ἕλληνες
687 956 837 1039 λέγουσι,
853 955 1028 1022 ἐκαλέοντο
1042 953 1209 1037 Πελασγοὶ
1223 957 1285 1018 Αἰ-

155 1061 301 1146 γιαλέες,
317 1059 372 1127 ἐπὶ
388 1053 452 1124 δὲ
447 1063 551 1134 Ιωνος
565 1084 624 1123 του
610 1055 774 1132 Ξούθου
784 1051 908 1137 Ἴωνες.
943 1039 1116 1142 Νησιωται
1132 1054 1199 1123 δὲ
1184 1080 1281 1122 εντα·
1268 1055 1333 1116 -95

745 1237 816 1286 cyon
828 1221 891 1271 oiim
909 1221 949 1271 ite
964 1218 1102 1285 appellato
1119 1218 1205 1270 inisse
1224 1236 1286 1269 ner-

746 1297 831 1340 retur.
852 1289 1065 1356 Vid.Spenbeur.
1080 1289 1113 1339 ed
1125 1288 1282 1338 Celiimccb

189 1211 243 1273 ἐν
236 1224 308 1274 soror
326 1215 463 1284 πρώτοισι
478 1217 535 1270 sois
554 1214 646 1284 λόγων
658 1217 698 1269 τέ-

156 1292 249 1359 ρητοιι]
268 1293 329 1344 vid.
346 1293 368 1356 1,
385 1293 442 1343 171.

333 1462 398 1514 Cir.
420 1459 518 1511 XCIV.

188 1557 293 1630 Ἴωνες]
315 1565 376 1614 Vid.
397 1564 424 1626 1,
447 1563 495 1613 142
514 1577 590 1627 seqq.
614 1568 641 1612 et
663 1561 696 1611 de

157 1636 292 1700 prioribus
310 1633 397 1684 Ionum
411 1632 519 1683 sedibus
537 1633 565 1680 iu
580 1632 694 1690 scuris,

156 1721 227 1770 quse
241 1708 304 1769 post
318 1709 419 1754 vocato
432 1707 490 1764 est,
507 1716 568 1752 cuin
585 1701 645 1753 scil.
660 1702 694 1750 eb

156 1775 273 1824 Achaeis
294 1773 373 1823 eiecti
390 1777 495 1832 essent,
515 1771 544 1832 Ι,
565 1771 613 1821 145
628 1770 694 1834 ibiq.

157 1849 226 1893 nott.
264 1845 340 1894 Haec
360 1843 445 1906 igitur
461 1841 594 1891 Herodoti
618 1841 697 1888 testi-

158 1913 248 1962 monis
267 1913 300 1964 de
317 1911 413 1977 priscis
427 1910 522 1959 Ionum
542 1908 651 1960 sedibus
668 1911 695 1958 in

157 1982 360 2046 Peloponneso,
380 1977 452 2029 uude
468 1979 503 2028 eb
515 1978 630 2028 Acbeeis
642 1979 696 2027 eis-

159 2053 321 2110 nituerint,
338 2052 361 2098 si
375 2064 456 2114 quern
469 2047 547 2166 fide?
562 2053 697 2098 merentur

158 2119 226 2184 (aiis
241 2127 271 2170 ut
282 2125 388 2170 tooeurn
400 2117 434 2168 eb
446 2117 509 2166 eliis
542 2115 620 2167 udurn
634 2132 698 2198 pro

158 2189 240 2254 lete),
261 2192 330 2238 setis
346 2193 437 2253 petet,
455 2186 521 2252 quid
543 2186 576 2236 de
591 2201 623 2236 ee
638 2187 697 2250 opi·

158 2260 240 2308 niene
249 2260 285 2308 sit
295 2257 477 2318 iudicandum,
488 2270 542 2320 que
552 2256 632 2306 Ioues
642 2256 697 2320 pri·

159 2330 239 2378 uritus
254 2329 281 2378 iu
294 2328 376 2378 Asine
389 2341 436 2375 ore
448 2325 605 2376 consedisse
620 2324 696 2375 iude-

158 2415 210 2463 que
225 2403 255 2448 ut
269 2399 296 2446 in
310 2395 378 2446 elios
392 2401 493 2458 terres,
515 2395 555 2444 ite
570 2395 597 2444 in
609 2395 695 2458 ipsam

157 2467 300 2518 Graeciam
313 2466 464 2516 excurrisse
475 2479 545 2514 nuuc
555 2463 697 2528 perbiben-

157 2542 214 2596 tur;
233 2536 305 2588 conf.
319 2533 443 2586 Curtius:
462 2534 514 2583 Die
528 2535 618 2583 lonier
633 2547 695 2596 ρας.

156 2609 172 2658 5
182 2622 256 2672 seqq.
265 2613 292 2656 et
299 2605 481 2656 Seboemenu:
492 2602 694 2652 Animadverss

156 2675 190 2726 de
202 2675 314 2726 ionibus
326 2671 528 2738 (Grypbisveid.
543 2670 620 2737 1854)
631 2686 693 2736 pag.

157 2747 171 2794 7
184 2761 258 2810 seqq.
293 2745 424 2808 Equidem
442 2741 532 2790 meliro
547 2742 626 2806 sequi
641 2741 695 2792 He-

156 2815 280 2864 rodotum
291 2813 332 2863 bis
344 2811 483 2862 contraris
496 2826 603 2875 prorsus
617 2825 694 2860 ener-

156 2890 260 2934 runtem
283 2883 531 2944 essentieptenrque
556 2879 691 2929 hebeoC.

155 2954 186 3002 F.
198 2954 345 3002 Hermann.
358 2951 376 2998 l.
390 2965 450 2998 mox
464 2950 482 3000 l.
493 2955 520 2999 et
534 2947 559 3009 ξ.
572 2950 615 2999 77.
642 2949 694 3000 Ne·

157 3037 208 3086 que
223 3021 303 3070 sliter
316 3013 346 3067 oi
357 3013 583 3074 δυωδεκαπόλιες
591 3009 695 3081 Ἴωνες,

156 3083 186 3138 oi
202 3081 254 3138 ἀπ’
268 3082 408 3151 Ἀθηνέων
427 3087 554 3136 dicuntur
576 3103 635 3152 cup.
653 3103 696 3137 ss·

156 3162 269 3224 queste,
291 3158 338 3207 ubi
357 3156 413 3206 vid.
433 3161 501 3208 nott.
539 3158 580 3206 Dc
594 3158 694 3219 Danao,

156 3229 203 3292 qui
223 3242 254 3276 ex
267 3228 390 3290 Aegypto
410 3224 540 3289 profugus
558 3225 637 3288 Argis
656 3240 696 3274 se·

156 3299 204 3346 des
215 3297 321 3360 cepisse
337 3295 451 3352 dicitur,
466 3293 521 3343 vid.
538 3294 580 3351 11.
592 3294 642 3353 bl;
663 3293 695 3344 de

158 3366 254 3426 ΧσιΙιο,
270 3366 317 3430 qui
330 3365 406 3414 Ionis
419 3363 505 3413 t'ertur
517 3368 603 3427 peter,
617 3363 694 3420 vin.

156 3439 190 3486 44
205 3435 267 3486 coll.
282 3438 351 3486 nott.
367 3434 399 3483 ed
414 3433 436 3495 Ι,
452 3433 511 3484 145.
539 3432 570 3482 C.
584 3433 616 3482 F.
630 3431 698 3481 Her·

157 3521 247 3557 menn.
268 3505 285 3554 l.
306 3503 324 3553 i,
344 3506 369 3566 ξ.
391 3505 416 3554 7.
439 3506 496 3555 not.
516 3502 542 3553 6.
563 3503 588 3550 7.
608 3504 633 3564 ξ.
653 3501 697 3551 94.

158 3582 214 3626 not.
234 3579 249 3625 '2
266 3579 293 3624 et
308 3577 333 3636 5.
352 3572 395 3626 96.
417 3578 473 3623 not.
492 3572 518 3632 2,
535 3587 561 3636 g.
588 3571 697 3628 Haase:

157 3645 255 3696 Athen.
286 3642 507 3694 Sterrrrnreriese.
540 3638 696 3706 (Abireudli.

140 3715 184 3778 d.
207 3714 272 3764 bist.
291 3712 384 3777 philol.
405 3710 553 3762 Gerellscb.
575 3711 602 3759 in
619 3710 697 3759 Bres-

157 3783 204 3833 luu
223 3782 258 3847 1.)
278 3798 339 3847 pag.
356 3782 414 3832 125.
452 3780 629 3831 Vocnbcntur
645 3779 696 3828 Pe-

156 3855 223 3916 [aspi
239 3853 416 3916 Aepr'aierrees,
438 3850 509 3915 qnod
527 3849 590 3900 olim
609 3850 696 3899 omnis

157 3921 358 3985 Peloponnesus
388 3921 538 3970 vocabatur
569 3919 695 3982 Peiaspr'o,

158 3987 694 4054 teeteEnripid.1pbig.inAul.1473,

157 4062 270 4124 eiusque
291 4074 338 4108 ore
361 4059 513 4121 maritime,
536 4073 605 4122 quse
626 4025 699 4122 post’·

157 4128 237 4178 modo
252 4127 371 4177 Acbciee
391 4141 487 4176 nomen
507 4127 629 4192 occepit,
649 4121 699 4175 Αἰ-

157 4193 266 4261 ηιοὶλιια
285 4197 320 4246 ab
341 4197 463 4259 Aepiuleo
480 4212 557 4260 roge,
582 4200 612 4246 ut
631 4196 699 4246 iere-

158 4269 234 4316 bent.
271 4267 313 4315 Tu
338 4265 410 4316 coni.
436 4266 466 4315 C.
489 4266 521 4316 F.
545 4267 697 4315 Hermann.

157 4337 265 4386 Hellen.
279 4333 530 4384 Stentseitertbiim.
543 4338 566 4396 §-
581 4337 625 4387 96,
641 4340 698 4385 not.

156 4407 253 4456 oser
266 4407 290 4468 ὅ.
306 4407 347 4456 17.
364 4411 420 4454 not.
433 4405 459 4456 8.
495 4404 699 4471 QuinipseSi-

746 1361 782 1411 H.
794 1362 821 1409 in
831 1359 891 1412 Del.
903 1363 945 1410 72.
953 1358 995 1409 73.
1003 1384 1036 1395 -
1046 1359 1190 1408 Caeterum
1201 1374 1285 1420 exeo,

663 1487 671 1500 ·
745 1429 816 1494 quod
830 1431 909 1479 Iones
922 1429 957 1478 sb
970 1427 1109 1478 Herodoto
1122 1433 1205 1492 etque
1220 1429 1284 1476 Dio-

747 1499 813 1548 doro
830 1499 897 1562 (xi,
911 1497 942 1560 3,
957 1499 1004 1563 qu'i
1020 1512 1080 1546 curu
1095 1497 1208 1546 Ionibus
1226 1498 1285 1545 iun-

747 1569 787 1632 git
805 1567 887 1618 Chios
908 1573 936 1616 et
951 1563 1069 1630 Samios)
1088 1575 1183 1616 ceritum
1201 1580 1286 1615 neres

746 1637 905 1702 praebuisse
923 1637 1064 1693 dicuutur,
1083 1651 1145 1685 curn
1159 1643 1287 1684 trecentos

744 1705 894 1757 Phoenices
905 1706 1064 1756 exhiberent
1077 1704 1151 1770 (vn.
1166 1703 1229 1768 98),
1242 1719 1286 1754 se-

745 1777 781 1826 tis
790 1777 921 1841 cognosci
932 1779 1031 1840 potest,
1044 1779 1174 1839 quantum
1185 1773 1227 1823 vei
1239 1773 1286 1822 iilo

745 1851 866 1910 tempore
879 1846 973 1895 Ionum
994 1861 1037 1894 res
1060 1843 1171 1894 noveles
1189 1843 1286 1892 florue-

746 1917 814 1976 riut3
828 1930 880 1980 quo
890 1915 982 1965 eodeni
995 1913 1100 1962 iaciunt
1108 1915 1286 1978 quinquaqinta

745 1999 851 2103 triti
865 1980 1285 2114 §trittitfftetttttt

747 2123 889 2240 ΧΙέιιέ”
818 2179 889 2240 ''di
887 2191 993 2250 Ιοονος
986 2201 1038 2236 τον
1027 2181 1170 2240 Ξούθου
1178 2175 1283 2264 iuver]

745 2261 847 2312 Eederu
858 2262 957 2312 Noster
969 2257 1055 2308 tradit
1068 2255 1149 2318 VIII
1164 2256 1212 2305 44:
1225 2242 1287 2302 ’·Ιω

746 2345 796 2388 νος
823 2323 855 2378 δὲ
883 2325 976 2377 τοῦ
956 2318 1078 2380 Ξονθον
1110 2314 1285 2402 στρατάρχεω

744 2413 842 2480 ρενσμ
841 2400 899 2446 νὀυ
927 2390 1102 2476 Ἀθηναίοισι
1122 2383 1286 2456 ἐκλήθησαν

744 2461 802 2518 ἀπὸ
816 2460 925 2517 τούτων
933 2457 1044 2526 Ἴωνες,
1065 2463 1231 2527 eundemque
1246 2461 1286 2512 ie·

746 2554 816 2588 mem
832 2539 956 2602 sequitur
974 2549 1081 2600 quoque
1095 2531 1264 2596 Euripides*
1257 2546 1285 2580 ru

744 2610 804 2661 Ion.
818 2607 893 2658 1588.
920 2605 991 2668 Quid
1002 2619 1067 2652 vero
1081 2601 1151 2651 Ionis
1165 2602 1286 2651 etlorrrorr

745 2678 852 2727 nomine
865 2680 973 2726 veteres
987 2674 1130 2736 designare
1142 2669 1286 2732 volueriut,

744 2746 846 2798 vside'
839 2749 988 2795 incertum:
1005 2742 1061 2794 rid.
1072 2755 1141 2806 quoe
1155 2740 1187 2790 de
1203 2739 1287 2790 uomi-

744 2817 787 2867 nis
799 2816 879 2866 buius
892 2815 920 2866 ri
933 2829 967 2863 sc
981 2810 1181 2877 significatione
1194 2815 1288 2873 protn-

744 2885 881 2938 leruntC.
899 2885 930 2937 F.
952 2883 1100 2933 Hermann.
1120 2879 1138 2928 l.
1160 2878 1178 2931 Ι.
1201 2877 1225 2939 5.
1241 2877 1283 2928 bt.

743 2957 845 3017 not.‚7
868 2951 1005 3005 Curtiusi.
1017 2950 1034 3000 i.
1050 2965 1112 3014 ρος
1121 2949 1164 2998 47
1173 2954 1231 2998 not.
1245 2947 1285 2998 10.

745 3025 824 3110 Apud
846 3021 992 3074 orientales
1014 3020 1134 3069 homines
1154 3023 1236 3082 etque
1258 3017 1286 3066 in

745 3095 812 3160 ipsis
832 3091 1056 3157 inscriptionibus
1073 3089 1198 3138 cuneutis
1211 3087 1287 3136 Iones

747 3163 878 3230 (Υκιιστ.
898 3161 992 3218 lucari,
1016 3171 1070 3223 que
1090 3172 1157 3207 voce
1179 3160 1287 3207 iuuenem

745 3233 861 3282 iudicari
885 3227 992 3291 volunt)
1023 3227 1079 3276 dici
1110 3241 1202 3276 ornnes
1230 3226 1286 3274 t'cre

746 3302 864 3351 Graecos
883 3300 953 3348 satis
966 3301 1089 3347 constet
1109 3295 1146 3346 ci.
1161 3299 1231 3344 nott.
1250 3293 1286 3344 sd

746 3369 806 3429 111,
823 3369 866 3420 90.

936 3536 1003 3587 Cur.
1023 3534 1104 3585 XCV.

783 3634 928 3702 Νησιώται
951 3629 992 3701 di]
1024 3637 1061 3686 Hi
1082 3634 1203 3685 insulani
1226 3650 1286 3684 cum

748 3725 765 3759 s
792 3707 934 3759 duodecim
957 3708 1051 3756 Ionum
1077 3705 1235 3755 civitatibus
1258 3706 1286 3753 in

748 3779 908 3829 Penioniunr
926 3777 1070 3828 convenire
1083 3775 1172 3824 solitis
1190 3774 1287 3823 distin-

746 3852 874 3912 guentur,
887 3861 974 3912 neque
985 3845 1038 3896 Cirr'i
1045 3860 1132 3910 neque
1140 3843 1219 3894 Samii
1227 3857 1287 3892 esse

747 3922 874 3983 possunt.
891 3917 936 3982 qui
951 3915 1010 3965 ud¹
1003 3931 1078 3980 ipsus
1092 3915 1176 3964 hosce
1191 3913 1288 3962 civite-

747 3994 788 4038 tes
802 3985 940 4037 duodecim
954 3985 1090 4050 pertinent
1105 3989 1189 4048 etque
1205 3981 1286 4029 etism

749 4073 767 4107 e
778 4056 898 4106 Diodoro
912 4057 968 4117 Xl,
981 4053 997 4104 3
1016 4055 1111 4103 ionum
1128 4049 1286 4102 civitatibus

749 4134 846 4192 centnm
860 4141 943 4176 neres
955 4122 1147 4188 praebentibus
1158 4119 1286 4168 adnume-

750 4200 861 4256 rentur.
891 4195 938 4245 sed
957 4193 991 4244 cd
1015 4207 1060 4242 ees
1080 4189 1182 4241 insulas
1203 4187 1288 4251 perti

751 4271 829 4328 nent,
846 4281 914 4329 quse
923 4263 1046 4346 Cpciodes
1059 4259 1139 4324 vulgo
1150 4255 1287 4322 appellun-

750 4339 809 4392 tur·
825 4335 860 4384 sd
870 4347 937 4399 ques
950 4333 1024 4396 ipses
1038 4329 1109 4394 opud
1120 4327 1286 4377 Herodotum

750 4409 875 4470 spectare
897 4402 980 4453 verbe
1000 4395 1117 4463 νήσους,
1138 4387 1286 4462 νησιώτας,

1027 4485 1091 4546 37*
