3062 4976
240 355 301 424 386
374 425 379 434 ,
680 353 947 418 ΙΙΕΒΟΒΟΤΙ

241 556 306 604 σαν
324 537 358 602 ολ
375 529 568 620 Ἀθηναῖοι,
591 531 703 624 δρόμῳ
722 536 812 600 ἵεντο
833 533 866 609 ές
887 528 964 608 τοὺς
987 526 1188 617 βαρβάρους.
1232 521 1321 618 ἦσαν
1347 531 1391 600 δὲ

241 635 371 708 στάδιοι
385 633 447 705 οόκ
462 635 638 714 ἐλάσσονες
651 633 688 704 τό
698 643 891 723 μεταίχμιον
904 630 1018 701 αὐτῶν
1031 627 1052 721 ἢ
1065 629 1161 702 όκτνό.
1190 637 1224 701 οἱ
1238 633 1274 702 δὲ
1287 636 1390 722 Πέρ-

242 761 316 827 σαι,
336 736 489 827 ὁρέοντες
509 738 620 830 δρόμῳ
636 737 806 822 ἐπιόντας,
828 735 1114 823 παρεσκευάζοντο
1134 731 1178 815 ὡς
1194 735 1391 824 δεξόμενοι,
1449 793 1453 798 .

243 851 368 934 μανίην
389 870 425 912 τε
445 859 531 912 τοῖσι
554 838 763 930 Ἀθηναίοισι
793 843 959 928 ἐπέφερον
987 841 1042 908 καὶ
1066 839 1177 926 πάγχυ
1203 837 1391 928 ὀλεθρίην,

243 945 395 1037 ὁρέοντες
409 943 532 1026 αότοός
546 945 660 1025 ἐόντας
673 942 823 1031 ὀλίγους,
844 946 900 1012 καὶ
918 942 1057 1022 τούτους
1077 943 1189 1036 δρόμῳ
1204 947 1389 1031 ἐπειγομέ-

243 1078 340 1136 νους,
355 1047 433 1120 οὔτε
446 1055 551 1119 ἵππου
561 1045 775 1136 ὑπαρχούσης
789 1069 850 1135 σφι
861 1045 937 1116 οὔτε
950 1045 1168 1134 τοξευμάτων.
1195 1052 1301 1116 ταῦτα
1315 1050 1389 1135 μέν

244 1183 310 1226 ννν
336 1160 371 1224 ot
394 1153 558 1242 βάρβαροι
578 1159 782 1235 κατείκαζον.
815 1147 989 1239 Ἀθηναῖοι
1016 1149 1068 1234 δὲ,
1097 1153 1171 1218 έπεί
1195 1177 1230 1218 τε
1256 1147 1389 1238 ἀθρόοι

245 1259 448 1347 προσέμιξαν
466 1273 552 1326 τοῖσι
571 1255 789 1344 βαρβάροισι,
814 1253 973 1342 ἐμάχοντο
992 1250 1090 1334 ἀξίως
1104 1253 1217 1339 λόγου.
1250 1259 1388 1341 πρῶτον

245 1362 307 1451 μὲν
319 1359 385 1449 γόιρ
402 1356 571 1449 Ἑλλήνων
590 1359 743 1445 πάντων,
764 1364 832 1428 τῶν
852 1354 946 1446 ἡμεῖς
961 1363 1076 1445 ἴδμεν,
1103 1355 1215 1450 δρόμῳ
1232 1360 1265 1437 ές
1278 1367 1386 1427 πολε-

246 1572 314 1618 nott.
327 1567 419 1629 udVI,
430 1567 463 1618 76
474 1568 502 1616 et
513 1566 575 1630 Vll,
589 1566 645 1617 134.
665 1567 698 1616 In
709 1583 785 1632 seqq.
836 1567 905 1630 qu.
928 1565 965 1614 11.
985 1579 1049 1629 pag.
1069 1563 1112 1615 36.
1150 1564 1189 1613 Ut
1209 1578 1273 1613 uero
1289 1559 1388 1620 ἵππος

247 1632 286 1693 ὡς
301 1629 466 1698 ἀπείθησαν
490 1636 610 1700 occipio:
635 1637 678 1687 ubi
695 1635 784 1702 (signo
836 1634 862 1684 h.
878 1634 895 1684 1.
912 1637 1046 1698 equitatum
1059 1632 1213 1700 significet,
1230 1633 1270 1682 itu
1283 1625 1386 1693 τόξευ-

247 1705 323 1771 dato)
336 1707 485 1757 missisunt
500 1703 526 1767 (e
541 1703 615 1768 loeo,
636 1721 688 1770 quo
704 1705 787 1756 eollo·
836 1719 875 1767 μοι
890 1703 914 1752 h.
932 1703 948 1754 1.
967 1695 1085 1764 τοξότας
1103 1703 1211 1753 indicet
1228 1718 1250 1752 s.
1271 1705 1387 1767 ταμέειν-

247 1777 304 1826 oeti
328 1775 356 1824 in
381 1773 441 1825 neie
466 1773 589 1839 stsbsnt)
615 1777 651 1824 od
668 1791 784 1840 pequam,
836 1777 905 1836 rius,
932 1774 951 1821 i.
968 1788 993 1823 e.
1009 1773 1076 1822 levis
1093 1778 1248 1823 armaturae
1266 1773 1383 1826 milites.

245 1861 321 1896 eursu
334 1845 513 1894 contenderunt
524 1846 549 1893 in
561 1843 694 1894 barbaros.
722 1845 786 1895 Mox
835 1843 966 1922 qusque
981 1858 1062 1905 vero,
1077 1847 1104 1892 et
1115 1842 1254 1908 equitibus
1267 1849 1295 1891 et
1309 1841 1385 1892 levis

247 1920 275 1968 et
284 1915 336 1964 hoe
348 1914 409 1964 loeo
420 1918 447 1963 et
456 1914 504 1976 VI,
517 1913 564 1964 134
578 1929 626 1978 pro
639 1914 702 1964 olim
712 1915 784 1982 vulg.
837 1918 990 1962 armeturue
1001 1912 1142 1974 militibus,
1150 1911 1309 1962 abundabat
1315 1912 1384 1960 Per-

247 1982 322 2035 ίεντο
338 1983 404 2036 stibi
418 1983 494 2033 iubet
505 1983 633 2034 Diodori.
647 1983 695 2043 (sd
705 1985 786 2034 Euri·
837 1997 928 2032 serum
937 1983 1118 2032 exercituu-
1124 1981 1284 2032 Adrerbum
1292 1993 1384 2044 προσ-

246 2054 302 2121 pid.
317 2053 410 2118 Suppl.
423 2053 484 2105 699.
503 2067 565 2118 peg.
578 2052 630 2104 488
643 2053 685 2105 ed.
697 2054 788 2104 Teub-

247 2123 318 2189 ner.)
328 2119 500 2188 iovemquem
512 2125 634 2188 sequitur
641 2123 786 2184 Matthiae,

247 2196 337 2245 eituns
354 2193 471 2243 Bruuek.
491 2192 527 2242 nd
544 2194 683 2259 Aristoph.
704 2195 786 2258 Vesp.

247 2262 453 2325 423‚E1mslei.
471 2267 498 2313 et
516 2257 665 2314 Hermann.
686 2263 721 2313 ud
738 2263 788 2314 So-

246 2331 338 2399 phoel.
353 2332 421 2382 Oed.
444 2334 512 2398 Reg.
537 2332 612 2383 1242.
654 2332 787 2398 Equidem

247 2404 310 2454 iude
331 2417 392 2452 eum
412 2405 527 2452 receutt.
547 2402 607 2454 edd.
626 2408 653 2452 et
671 2402 787 2452 Bredov.

246 2488 309 2538 pag.
319 2467 587 2522 summouentem
597 2472 723 2536 idemque
734 2471 788 2520 feei

247 2543 295 2606 vl,
307 2540 366 2602 134,
383 2541 428 2591 ubi
440 2540 521 2604 vulgo
534 2539 604 2589 mele
618 2537 721 2588 ἵεσθαι
737 2556 787 2605 pro

248 2608 371 2668 ἴεσδαις
390 2609 452 2658 edd.
465 2609 502 2669 11,
516 2609 558 2659 70.
573 2609 621 2671 IX,
636 2610 682 2670 783
704 2611 788 2674 signi·

246 2681 310 2729 tieot
324 2683 413 2728 sutem
422 2678 573 2738 festinanter
583 2684 632 2728 sut
641 2693 754 2742 propere
763 2683 787 2729 in

247 2749 352 2811 aliquem
368 2748 446 2795 ίοουιο
463 2761 491 2794 ετ
508 2747 634 2808 conferre.
661 2749 702 2798 Ad
717 2754 788 2798 stru-

248 2821 369 2866 eturem:
394 2801 467 2878 ἦσαν
480 2808 511 2862 δὲ
526 2807 636 2863 στάδιοι
651 2811 726 2866 -τό
741 2831 787 2880 με·

247 2881 378 2946 ταίγμιον
397 2883 470 2932 oont.
489 2884 515 2946 1,
535 2881 577 2933 93.
597 2884 646 2937 163
664 2886 787 2952 aliosque

246 2953 321 3004 locos
333 2966 350 3000 ε
362 2953 478 3004 Bredor.
487 2967 554 3017 pag.
569 2953 620 3005 336
635 2953 742 3006 ellstos.
757 2983 788 2992 -

248 3023 281 3073 In
292 3036 368 3086 seqq.
382 3020 473 3072 verbis
488 3021 550 3072 dedi
561 3013 690 3084 deterres
702 3042 716 3076 e
726 3025 788 3076 Flo-

248 3092 354 3143 rentino
367 3107 417 3156 pro
430 3090 503 3156 vulg.
516 3081 660 3155 όρέτοντες.
684 3095 726 3145 Ad
739 3111 787 3146 vo·

248 3176 306 3213 cern
322 3158 487 3226 μεταίχμιον
502 3161 576 3212 soni.
588 3163 641 3226 VI,
660 3165 702 3214 77.
733 3166 787 3216 Pro

248 3223 357 3280 αότέων
371 3231 433 3282 dedi
444 3224 549 3282 αότοῖν.

282 3300 424 3366 μανίην-
435 3291 586 3368 ἐπέφερον]
601 3301 664 3352 Vid.
675 3307 742 3352 nott.
753 3303 787 3354 sd

246 3372 298 3432 IV,
322 3372 381 3424 154.
423 3371 455 3421 In
478 3372 599 3436 proxime
626 3387 702 3436 seqq.
727 3387 787 3422 oum

247 3440 396 3506 Schweigh.
411 3442 612 3493 cruentantes
625 3437 737 3505 ὀλίγους
749 3443 789 3491 in-

248 3510 321 3560 serui
333 3499 439 3570 έόντας,
454 3512 526 3575 φοοδ
537 3527 597 3561 oum
607 3511 709 3560 selibris
723 3514 788 3561 seri·

247 3580 304 3645 ptis
329 3579 451 3636 abesset,
475 3581 672 3644 Wesselingius
699 3581 788 3642 eiecit,

248 3663 326 3714 quem
336 3653 450 3700 reeentt.
459 3649 518 3699 edd.
531 3651 619 3700 secuti
631 3656 703 3703 sunt.
721 3651 788 3700 Mihi

249 3718 336 3769 oratio
359 3717 482 3781 flugitare
502 3719 646 3770 videbatur
666 3720 787 3770 additum

248 3787 300 3838 hoe
321 3779 420 3843 ἐόντας
437 3787 481 3836 νο1
501 3795 612 3852 propter
635 3790 719 3840 verbu
745 3805 787 3841 se-

248 3858 360 3923 queutia
384 3850 432 3904 ιιαλ
457 3853 626 3914 τούτους-
647 3849 788 3923 ἐπειγομέ-

249 3927 414 3984 νους-ΒΧ
422 3925 555 3977 Herodoti
565 3928 657 3978 verbis
665 3919 729 3978 οὔτε
741 3926 788 3978 ΐπ-

248 4011 305 4046 που
320 3987 503 4060 ὑπαρχούσης
518 4008 568 4057 σφι
586 3997 653 4047 sutis
671 3998 786 4062 patebit,

248 4067 297 4118 ills
315 4070 406 4117 eetste
427 4065 514 4116 nullos
539 4067 645 4130 equites
663 4067 691 4115 in
707 4067 789 4118 Athe-

248 4138 381 4188 niensium
392 4135 511 4186 eueroitu
526 4136 663 4199 stipendis
680 4137 786 4200 secisse,

248 4222 317 4270 quos
338 4211 399 4272 post
415 4204 487 4255 bellu
501 4205 613 4256 Persien
628 4205 733 4256 demum
749 4207 788 4256 in-

248 4277 389 4326 troductos
405 4275 573 4336 invenimus,
591 4279 687 4326 enetos
704 4291 788 4341 usque

248 4344 284 4392 ud
299 4345 498 4408 milleeqnitum
509 4359 657 4396 nnmerum.
681 4347 789 4397 Monuit

838 2047 937 2114 έμιξαν
951 2053 978 2100 in
991 2067 1067 2117 seqq.
1081 2051 1153 2100 eous.
1165 2057 1234 2101 nott.
1244 2051 1279 2102 ud
1289 2052 1322 2112 V,
1333 2051 1380 2101 64.

838 2121 918 2182 Quod
936 2121 1071 2171 adiectum
1091 2126 1134 2171 est
1150 2115 1272 2184 ἀθρόοι,
1293 2119 1382 2184 pluri-

837 2191 888 2240 bus
902 2190 1011 2241 Aeliani
1029 2191 1096 2240 loeis
1114 2190 1198 2240 simili
1217 2195 1299 2255 puoto
1317 2205 1382 2240 eum

837 2261 865 2308 vi
883 2260 999 2324 quedem
1016 2259 1138 2309 additum
1158 2260 1288 2324 reperies.
1316 2260 1381 2310 Vid.

838 2321 946 2381 Iucobs.
961 2329 997 2378 ud
1010 2329 1116 2378 Aetion.
1131 2331 1164 2380 N.
1177 2331 1208 2378 A.
1223 2329 1245 2386 1.
1259 2327 1309 2392 58,
1331 2329 1383 2393 qui

837 2400 919 2448 etiem
926 2399 1065 2475 Merodoti
1075 2398 1165 2479 ioeum
1179 2397 1283 2478 qttulit.
1296 2461 1303 2476 Ι

838 2463 1382 2604 „ututivrttdtttuuttu

837 2607 889 2656 His
901 2606 1002 2668 verbis,
1017 2607 1176 2671 quibuscum
1189 2607 1383 2670 coniungendo

838 2681 912 2738 sunt,
945 2691 996 2725 nee
1008 2691 1090 2740 supra
1100 2675 1241 2741 leguntur:
1262 2670 1382 2740 δρόμῳ

838 2741 913 2793 ἵεντο
923 2693 949 2802 ές
960 2737 1027 2802 τοὺς
1037 2737 1198 2812 βαρβάρους
1213 2751 1241 2795 et
1253 2742 1299 2794 καλ
1313 2743 1382 2793 τού-

837 2828 903 2870 τους
919 2808 1036 2882 δρόμῳ
1050 2805 1257 2878 ἐπειγομένους,
1272 2816 1382 2864 Wesse·

836 2883 936 2948 lingius
952 2885 1017 2934 lineo
1036 2885 1232 2948 adscripserot:
1252 2883 1301 2946 „Si
1315 2899 1380 2932 nur·

837 2955 909 3003 ronti
920 2955 1073 3004 Pausaniae
1084 2954 1187 3005 veritus
1198 2957 1316 3014 constet,
1332 2951 1380 3003 diu

838 3027 902 3073 ente
911 3023 1090 3074 Athenienses
1100 3019 1198 3089 δρόμῳ
1210 3014 1237 3080 ἐς
1246 3014 1313 3079 τοός
1322 3025 1380 3072 Λα-

838 3091 1040 3156 κεδαιμονίους
1052 3083 1174 3158 έγροῖντο
1187 3092 1318 3143 Messenii
1330 3092 1380 3154 1v,

837 3163 862 3214 8.
878 3165 902 3224 §.
919 3165 941 3216 1.
969 3163 1056 3214 Prisci
1068 3167 1143 3212 oerte
1155 3162 1253 3211 Graeci
1264 3177 1316 3212 non
1327 3161 1380 3220 ito,

838 3234 925 3282 Po'ets
942 3232 1022 3282 Iliud.
1042 3228 1080 3295 γ’,
1095 3233 1111 3283 8
1127 3231 1248 3282 iudiee.“
1277 3232 1318 3281 De
1332 3232 1378 3291 iis,

838 3317 906 3368 quse
923 3303 1077 3352 Pnussuios
1098 3301 1116 3354 1.
1135 3301 1152 3350 1.
1172 3305 1280 3364 narret,
1305 3315 1379 3350 nuuc

837 3387 892 3421 non
902 3372 1069 3436 quaerimus:
1083 3371 1155 3435 quod
1165 3371 1201 3420 ud
1211 3369 1380 3421 Herodotum

839 3442 953 3502 attinet,
971 3441 1114 3491 tenendum
1127 3446 1183 3504 est,
1200 3439 1379 3490 Athenienses

838 3512 866 3560 in
879 3511 939 3560 soie
955 3510 1103 3562 eolloostos
1116 3525 1208 3561 omues
1223 3509 1323 3560 milites
1336 3509 1380 3558 iu-

839 3581 893 3630 isse
917 3579 1011 3644 gravis
1028 3583 1197 3642 ermsturue,
1224 3595 1292 3644 quos
1316 3583 1378 3629 oeto

838 3651 991 3700 studiorum
1011 3651 1129 3715 spatium
1150 3648 1180 3714 (i.
1198 3663 1222 3700 ε.
1239 3649 1379 3698 dimidium

838 3719 895 3770 fere
908 3718 991 3770 horne
1001 3717 1118 3784 itineris)
1130 3719 1165 3768 ud
1175 3721 1273 3770 Persas
1287 3733 1382 3784 eggre-

839 3788 951 3839 diendos
963 3781 1060 3855 δρόμῳ
1071 3804 1194 3839 emensos
1206 3804 1266 3840 esse
1280 3805 1311 3840 eo
1325 3803 1382 3838 rnu-

837 3860 880 3924 gis
900 3861 996 3909 mirum
1011 3859 1099 3910 videri
1118 3858 1211 3909 debuit
1236 3859 1378 3923 ipsumque

838 3928 987 3986 abhorrens
1009 3945 1025 3978 u
1042 3928 1150 3993 vutgsri
1174 3927 1314 3994 pugnandi
1337 3944 1378 3978 rs-

838 3999 926 4061 tioue,
946 3998 997 4049 huo
1017 4013 1081 4048 vero
1100 3999 1161 4062 ipsu
1181 3997 1377 4062 inpugnaret

838 4069 949 4133 grunius
959 4067 1044 4118 videri
1055 4071 1172 4131 poterut,
1184 4068 1255 4132 quod
1265 4083 1312 4132 per
1322 4072 1377 4116 tem

839 4137 949 4203 longum
961 4139 1013 4188 iter
1028 4132 1125 4204 δρόμῳ
1139 4138 1319 4187 emetiendum
1339 4136 1376 4186 fs·

838 4206 890 4258 oile
908 4207 1017 4258 ordines
1033 4207 1105 4256 soiei
1127 4206 1279 4272 perturbari
1302 4205 1376 4255 inde-

838 4291 890 4341 que
909 4275 1009 4342 singuli
1033 4277 1122 4327 minus
1149 4277 1209 4342 epti
1232 4275 1267 4325 ud
1288 4275 1375 4338 ipsum

838 4361 955 4411 pugnum
970 4347 1099 4396 nooedere
1115 4349 1250 4410 poterunt.
1285 4343 1376 4404 Quare

248 4411 279 4462 C.
300 4413 332 4464 F.
351 4415 490 4465 Hermann
512 4415 541 4465 in
563 4413 729 4467 Sebediosm.
753 4415 787 4467 de
836 4415 928 4466 Leuke
960 4417 1023 4482 (Die
1044 4416 1149 4466 Demen
1174 4414 1295 4465 nstiks’s
1321 4417 1374 4468 ete.
