3010 4966
208 361 266 422 tsi

641 359 908 422 HERODOTI

187 535 260 601 mel
282 528 448 620 Αὐξησίης
476 527 647 622 άγάλματα
672 532 891 623 ἱδρύσασθαι,
920 540 979 602 καί
1001 553 1061 620 σφι
1089 537 1338 622 ἱδρυσαμένοισι

206 735 289 787 Creta
301 735 466 784 Troezenern
481 735 588 785 venisse
607 735 698 801 ibique
717 736 745 784 iu

207 807 341 856 seditione
359 819 391 853 ae
410 803 526 853 tumultu
547 806 658 867 periisse
676 805 746 870 lapi-

205 875 330 932 datioue3
351 873 421 924 uude
438 874 537 923 testum
551 877 642 938 peragi
657 876 746 923 Asilo-

205 942 314 1009 βιιλιίιν.
333 944 425 1006 „illue
437 943 597 1004 discimus,¹‘
614 945 652 992 ait
668 946 696 992 V
698 945 746 994 al·

204 1015 308 1076 ckeu„
335 1014 405 1077 „sub
417 1015 478 1062 istis
490 1011 576 1065 irrisae
593 1014 746 1063 uerriiuibus

205 1085 320 1135 Cererem
335 1088 363 1135 ct
379 1085 559 1144 Proserpinam
579 1081 667 1134 cultas
687 1084 746 1134 sive

205 1155 314 1204 Matrem
333 1158 360 1203 et
375 1153 510 1204 liberunt:
531 1167 564 1217 ιη
556 1147 677 1215 Μητρὶ
696 1146 744 1199 καὶ

204 1239 237 1288 ιη
229 1215 345 1286 Κόρη,
363 1239 377 1270 e
394 1222 488 1285 tapud
498 1222 599 1271 Herod
612 1222 688 1278 Vlll‚
699 1221 743 1280 65,

203 1294 281 1342 euius
296 1293 380 1342 liaeu'
374 1307 433 1357 ipsa
447 1293 567 1341 narratio
580 1291 649 1342 idem
664 1291 745 1340 saeils

204 1362 384 1426 persuasisset
407 1360 575 1418 attondente
600 1377 663 1409 nam
683 1376 742 1409 enm

204 1439 277 1481 terra
298 1431 390 1496 fruges
410 1445 465 1479 non
483 1431 561 1479 daret
574 1431 742 1494 Epidamiis,

202 1501 271 1550 inssi
290 1507 353 1549 sunt
377 1500 507 1548 divinitus
531 1500 644 1550 istarum
664 1500 744 1562 sigua

202 1571 311 1620 dearum
328 1569 470 1630 dedieurqe
488 1567 574 1618 veluti
586 1566 664 1617 θεῶν
677 1583 742 1630 καρ-

202 1629 355 1700 neodem,
372 1653 426 1702 qna
442 1637 626 1701 appellatione
640 1639 743 1702 'legeu-

202 1713 247 1757 tae
267 1707 390 1758 Cererem
408 1707 535 1756 colebant
557 1713 584 1756 ct
601 1709 744 1772 Proserpi·

200 1793 278 1838 nam,
300 1781 370 1827 teste
388 1777 506 1826 Pansae.
522 1777 598 1839 Vlll,
614 1778 657 1830 53.
676 1780 699 1839 ξ.
716 1777 741 1826 3.

203 1846 294 1914 [Apud
305 1848 453 1911 Aeginetae
464 1845 545 1896 Ceres
558 1839 744 1908 θισμιφάρος

200 1921 271 1968 teste
288 1916 426 1965 Herodoto
447 1916 500 1980 VI,
519 1913 575 1980 9l.]
617 1915 669 1966 Sed
686 1931 742 1965 rem

200 1987 279 2052 plane
293 1985 413 2034 affirmat
426 1987 544 2035 Pausan.
561 1985 589 2035 11
597 2023 603 2048 ,
618 1985 659 2036 30.
673 1988 697 2047 ξ.
714 1985 739 2035 5.

199 2055 302 2108 Eodem
338 2055 394 2104 ritu
423 2054 525 2104 deabus
559 2055 619 2105 istis
656 2053 741 2104 veluti

198 2125 283 2182 θεαῖς
294 2119 427 2187 μεγάλαις
440 2125 525 2174 variis
539 2126 567 2174 iu
581 2123 647 2174 loeis
661 2139 741 2174 saera

132 2207 134 2210 '
199 2195 309 2246 fiebunt.
338 2194 429 2244 Cereri
442 2210 496 2243 ιιοιι
508 2193 681 2244 disconvenit
694 2209 740 2242 uo-

198 2281 258 2315 men
267 2258 391 2343 Δαμίης,
402 2279 471 2328 quae
479 2263 686 2343 Epidauriorum
696 2279 742 2326 po·

198 2334 271 2399 pulo,
279 2349 316 2400 τῳ
307 2325 441 2394 Ηδάμῳ
418 2349 476 2383 sive
490 2327 681 2399 driep‚iruges
694 2333 740 2382 da-

197 2409 239 2456 ret
252 2409 278 2453 et
292 2381 416 2464 Αάξησίη
430 2405 496 2452 oliuu
490 2413 595 2468 rictuque
607 2406 675 2453 ιιιίιίιι
688 2411 736 2451 ter

196 2477 253 2526 ris!
257 2474 378 2522 Haec
396 2473 607 2533 Volcianos
627 2473 738 2522 Festum

196 2559 303 2610 qnoque
314 2544 405 2592 citans
418 2557 440 2594 s.
455 2558 480 2593 v.
493 2543 603 2590 Duillium
619 2540 689 2605 [pag.
705 2543 739 2591 52

197 2615 238 2664 ed.
252 2610 390 2670 Lindum]
405 2617 432 2660 et
447 2612 567 2660 lllaerob.
584 2611 640 2659 Sat.
660 2611 680 2670 1,
697 2611 738 2670 12,

195 2683 266 2732 urrde
277 2685 403 2746 Magnam
419 2681 519 2742 Deam,
535 2695 612 2744 qnmn
625 2679 739 2728 llomaui

195 2750 337 2810 colebant,
366 2749 480 2797 lituratum
504 2751 589 2798 ssime
610 2753 738 2798 vocatam

196 2819 341 2879 discimus,
368 2819 485 2880 itemque
506 2819 634 2867 Heluinam
653 2818 738 2868 sacri-

195 2887 284 2936 ficium
299 2887 325 2933 in
340 2888 429 2935 lionae
439 2887 514 2936 Deae
526 2886 652 2935 horrorem
664 2887 738 2935 obla-

193 2962 248 3006 tum
261 2957 485 3019 universorumque
497 2957 556 3006 eius
569 2956 635 3006 deae
649 2971 738 3006 sacer-

194 3026 293 3075 dotem.
328 3025 406 3074 lnde
423 3025 497 3106 apud
517 3026 680 3074 surentinos
703 3029 738 3074 si-

193 3095 268 3144 milia
285 3109 380 3155 saera,
405 3097 430 3144 si
446 3094 552 3158 quidem
572 3095 636 3145 tides
649 3095 737 3158 Hesi

193 3165 291 3213 clriol.
304 3181 327 3228 p.
340 3165 405 3214 883:
423 3159 547 3228 Δάμεια
564 3179 647 3228 ιοριη
660 3181 737 3224 παρα

196 3233 393 3294 Ταηαιιιιοις.
445 3237 533 3300 Atque
571 3234 644 3284 baud
677 3237 735 3286 seio

192 3319 228 3353 an
243 3303 318 3352 eode:
322 3322 336 3352 ιι
352 3305 501 3367 respiciant
516 3307 735 3355 Damnameneus

192 3373 272 3424 ldeus
289 3379 315 3422 et
329 3375 495 3456 Proserpina
506 3375 652 3440 Cyzicena,
666 3391 736 3440 quae

192 3449 308 3492 vocatur
318 3435 420 3502 Δόμιια
431 3439 566 3508 Σώτειρα,
587 3447 662 3507 Quae
675 3461 734 3494 eum

191 3514 230 3562 ita
246 3513 317 3574 sint,
340 3512 406 3561 mihi
425 3515 531 3578 quidem
551 3515 596 3563 vix
613 3515 733 3578 dubium,

190 3585 253 3647 quin
263 3552 374 3644 Δαμιαι
387 3597 483 3633 nomeu
495 3585 530 3632 ad
541 3583 664 3635 Cererem
675 3601 735 3649 per-

189 3653 291 3714 tineat,
320 3667 390 3716 qnae
414 3644 551 3716 Δαμάτηρ
576 3669 593 3702 a
613 3655 734 3704 Doribus

189 3721 291 3784 passim
309 3726 408 3770 iocata
429 3722 545 3786 aliisque
565 3725 646 3773 etiam
661 3725 733 3773 simi-

188 3789 260 3840 libus
274 3790 337 3840 hinc
351 3792 557 3854 cognominibus
571 3803 668 3843 ornata
682 3799 733 3856 est,

188 3861 217 3909 in
233 3861 331 3926 quibus
352 3860 476 3910 omnibns
491 3861 534 3911 vel
547 3863 627 3912 eluendi
638 3866 732 3913 durren-

189 3931 245 3982 diee
270 3930 346 3981 notio
366 3931 458 3980 subsit
479 3931 523 3980 vol
544 3932 579 3982 ad
604 3933 732 3997 populum

189 4017 294 4050 onlnem
307 4002 481 4062 respiciatur,
495 4003 534 4050 ita
546 4006 576 4050 ut
585 4002 666 4052 Ceres
678 4004 733 4053 Da-

189 4071 245 4120 mia
263 4071 370 4120 ciuitatis
390 4072 469 4135 qnasi
483 4069 657 4136 perhibeatur
674 4075 732 4133 den,

190 4155 261 4204 quae
283 4140 354 4190 omni
380 4139 479 4204 populo
502 4139 615 4190 salutem
636 4112 733 4190 aileral

191 4225 222 4258 eo
243 4211 312 4272 quod
337 4225 428 4259 ornnes
454 4211 565 4260 nutriat.
603 4202 732 4275 Αὐξησιή

189 4281 279 4325 aretem
302 4279 381 4327 deu
376 4296 461 4344 neque
486 4280 519 4329 ad
542 4279 647 4345 frugum
671 4298 732 4345 pro-

191 4355 300 4395 ventum
322 4350 484 4411 pertinebit,
504 4365 581 4414 quem
597 4354 624 4400 in
641 4351 733 4416 populi

189 4416 330 4466 commoda
343 4425 426 4482 auget
436 4419 605 4485 ampliatqne
616 4422 733 4486 propitia

797 741 870 786 terra
882 739 967 784 mater
979 735 1106 784 omnium.
1132 733 1339 798 Itaqueutram·

797 821 847 870 que
862 805 939 854 deam
954 804 988 852 ad
1003 819 1061 852 eum
1074 803 1145 866 vim,
1158 819 1226 868 quae
1241 804 1337 854 Cerere

796 875 967 936 continetur,
996 874 1130 936 pertinere
1158 876 1226 922 satis
1251 879 1335 937 patet.

797 944 875 1008 Quod
891 943 960 992 idem
976 951 1048 992 reete
1063 944 1202 1007 perspexit
1217 942 1337 993 Useheld

798 1011 972 1078 (Gesehiehte
992 1013 1019 1064 d.
1035 1012 1144 1062 Troiae.
1158 1013 1255 1076 Kriegs
1274 1028 1336 1078 pag.

801 1082 848 1133 130
861 1081 943 1147 seq),
959 1083 1101 1147 utriusque
1115 1081 1196 1132 huius
1210 1083 1276 1131 deae
1290 1098 1337 1132 uo·

796 1153 869 1200 mina
895 1152 1022 1216 primitus
1044 1152 1149 1201 Cereris
1176 1153 1337 1216 cognomina
1424 1147 1428 1156 ’

796 1227 900 1270 ιιιιιιιιιιι
915 1222 1001 1271 fuisse
1013 1222 1185 1272 existimans:
1204 1221 1336 1272 eCereris

794 1291 1001 1354 cognominibus
1027 1291 1102 1356 ipsas
1122 1291 1248 1354 deinceps
1271 1291 1335 1340 deas

795 1361 885 1410 iactas
895 1367 921 1411 et
934 1361 1011 1426 quasi
1022 1365 1164 1424 separatas
1176 1376 1236 1410 esse
1249 1360 1336 1421 addit,

794 1432 834 1480 ita
854 1435 884 1479 ut
905 1427 999 1493 Aupiq
1021 1430 1206 1510 appellaretur·
1228 1445 1258 1479 eu
1275 1430 1335 1492 dea,

795 1516 864 1564 qnae
884 1515 967 1565 equos
991 1499 1126 1563 domaret,
1153 1491 1277 1562 Αύξησιή
1297 1499 1336 1549 al·

795 1579 869 1630 tera,
886 1585 901 1616 a
913 1585 966 1634 qua
979 1585 1045 1618 arva
1060 1585 1206 1634 eorumque
1221 1584 1335 1633 preven-

794 1645 837 1688 tus
852 1644 1030 1702 augmentum
1053 1641 1080 1688 in
1100 1655 1152 1704 qna
1172 1639 1303 1704 quidem'
1296 1655 1336 1688 m·

793 1710 989 1772 terpretatione
1018 1711 1140 1773 equidem
1168 1711 1225 1758 viro
1254 1708 1335 1758 docto

793 1779 921 1829 assentiri
936 1793 990 1827 non
1009 1794 1118 1842 prorsus
1137 1795 1256 1843 possum.
1293 1779 1335 1826 De

792 1853 907 1912 utraque
941 1849 991 1896 deu
1029 1855 1191 1898 monuerunt
1229 1864 1335 1912 quoqne

794 1917 1047 1980 Creuzer Syu1bul.
1059 1919 1107 1968 IV.
1119 1934 1143 1982 p.
1157 1918 1216 1969 329.
1229 1917 1280 1967 380
1292 1917 1333 1966 ed.

793 1992 855 2040 tert.
883 1992 910 2036 et
932 1985 961 2037 C.
988 1987 1019 2036 F.
1046 1988 1199 2037 Hermann:
1228 1987 1335 2036 Gottes-

792 2055 1073 2118 ducentenarius.
1093 2059 1134 2106 52.
1154 2063 1209 2106 ιιοι.
1230 2057 1269 2105 17.
1292 2057 1331 2106 18.

791 2125 853 2176 eoll.
866 2126 896 2176 C.
909 2125 941 2178 Ο.
954 2125 1075 2177 Mueller.
1088 2127 1223 2191 Aeginett.
1235 2141 1259 2190 p.
1276 2125 1333 2186 171,

793 2196 839 2261 qui
864 2194 1111 2246 Valckenarieuam
1137 2197 1333 2246 derivationem

793 2265 868 2316 vocis
882 2263 993 2328 Δαμίης
1007 2265 1183 2315 falsissimam
1198 2281 1257 2316 esse
1270 2263 1333 2314 iude

793 2335 886 2399 colligi
899 2335 971 2396 vult,
985 2335 1056 2400 quod
1067 2335 1207 2385 Herodoto
1218 2341 1275 2384 tum
1286 2349 1334 2399 ap-

792 2404 919 2467 pellanda
932 2405 1031 2454 fuisset
1044 2401 1149 2467 Δημιή.
1180 2407 1216 2455 Et
1227 2419 1288 2453 mox
1303 2421 1331 2468 p.

793 2475 842 2524 172
863 2475 903 2523 ita
921 2475 1096 2540 pronuntiat:
1123 2475 1219 2537 „Quae
1240 2475 1331 2523 nescio

791 2558 825 2591 uu
845 2545 912 2592 satis
934 2543 1126 2608 probaverint,
1148 2545 1176 2594 in
1195 2543 1333 2608 religioni-

791 2612 840 2661 bus
859 2615 973 2664 Damiae
995 2619 1022 2663 et
1039 2615 1174 2663 Auxcsiae
1191 2629 1332 2677 superesse

790 2681 972 2745 fragmentum
1004 2682 1147 2733 doetrinae
1180 2685 1332 2734 vetustissi-

789 2766 867 2809 mae,
898 2753 969 2816 quod
993 2759 1023 2803 nt
1047 2769 1107 2803 eum
1129 2752 1279 2804 Eleusiniis
1304 2759 1332 2802 et

790 2819 987 2872 Samothrseiis
1005 2828 1096 2887 aptum
1115 2827 1199 2874 estet
1218 2823 1330 2873 coniun-

789 2895 877 2940 ctum:
902 2891 952 2953 ita,
966 2893 988 2942 si
1009 2891 1074 2956 quid
1092 2892 1180 2952 aliud,
1201 2893 1330 2956 mysteria

788 2959 970 3024 Peloponnesi
984 2979 1044 3011 eum
1060 2961 1165 3011 Italicis
1179 2963 1331 3011 arctissime

788 3033 936 3081 connectit.
961 3032 1031 3093 Quid
1042 3033 1113 3081 eninr
1124 3032 1253 3094 mysteria
1266 3039 1331 3082 suut

789 3100 842 3148 nisi
856 3115 1009 3163 sacrorum,
1024 3116 1094 3166 quae
1106 3101 1170 3150 olim
1183 3117 1230 3164 per
1244 3106 1328 3150 totam

788 3168 931 3219 Graeciam
946 3171 1075 3234 evrrlgats
1092 3171 1215 3232 fuerant,
1235 3171 1331 3220 irrum-

788 3243 868 3302 pente
882 3256 896 3288 e
912 3241 1105 3304 septemtrione
1118 3240 1210 3290 teriori
1228 3240 1329 3304 populo

787 3309 963 3358 disiectorum
984 3311 1150 3375 fragmenta,
1171 3325 1240 3374 quae
1256 3309 1328 3372 apud

787 3383 882 3442 gentes
914 3380 1048 3444 quasdam
1082 3381 1183 3444 passim
1213 3379 1328 3428 delitue-

786 3445 886 3501 rant‘l“
915 3453 954 3498 Ae
967 3451 1082 3499 Damius
1098 3455 1124 3499 et
1137 3450 1271 3498 Auxesiae
1286 3465 1328 3498 su-

786 3533 832 3568 era
855 3517 939 3567 fuisse
966 3535 1067 3568 arcana
1092 3525 1119 3568 et
1140 3517 1174 3567 ad
1197 3520 1327 3582 mysteria

787 3588 967 3650 pertinuisse,
980 3591 1042 3652 ipsa
1053 3589 1144 3638 Nostri
1156 3587 1239 3637 verbu
1249 3589 1281 3645 V
1294 3588 1327 3639 33

786 3657 832 3706 liu
848 3651 901 3705 elei
916 3655 946 3704 ὃέ
966 3671 1016 3720 σφι
1034 3649 1113 3706 aul
1096 3671 1214 3720 αρρηιοι
1230 3650 1326 3738 iporp-

785 3725 842 3789 γιάι
852 3729 920 3776 satis
932 3727 1064 3780 indicant.
1090 3727 1230 3791 Simulque
1239 3727 1326 3775 omnis

784 3796 852 3846 liuee
875 3798 996 3846 narratio
1027 3797 1105 3861 plura
1129 3799 1264 3854 eontinet,
1292 3795 1326 3845 ad

784 3881 853 3931 quae
876 3867 973 3916 rnerito
996 3868 1102 3916 attendi
1124 3867 1199 3916 iubet
1214 3865 1328 3916 Crenae-

784 3952 830 3985 rus
849 3935 867 3986 1.
886 3935 904 3984 l.
924 3937 971 3985 iv.
992 3952 1053 4000 pag.
1068 3938 1132 3986 rii:
1158 3936 1327 3998 superstitio-

787 4022 846 4054 nem
861 4005 922 4054 diue
937 4004 1010 4054 illam
1027 4006 1059 4055 de
1077 4007 1117 4060 vi.
1142 4021 1222 4070 quam
1237 4007 1328 4070 signo·

785 4091 842 4124 rum
860 4073 1026 4138 quorundam
1049 4077 1144 4124 atterat
1162 4077 1325 4139 praeseutia.

785 4160 889 4194 esacra
902 4143 998 4194 arbore
1011 4145 1207 4204 musculorum,
1223 4143 1325 4194 orneuli

783 4215 886 4263 iussum
907 4214 940 4268 de
960 4216 1045 4278 signis
1066 4215 1100 4264 ad
1119 4214 1215 4263 tarnem
1237 4213 1325 4276 depel-

784 4283 891 4333 lendam
909 4284 1044 4342 erigendis
1058 4283 1182 4348 ludisque
1194 4282 1323 4332 hilaribus

785 4353 999 4413 constituentia
1013 4369 1084 4419 quae
1094 4354 1153 4417 ipsa
1163 4369 1179 4402 ιι
1189 4351 1259 4402 ludis
1270 4353 1323 4401 Ro-

784 4439 925 4473 mauurnm
937 4423 1134 4488 antiquissimis
1147 4437 1180 4472 ae
1189 4421 1324 4473 lectister-
