3054 4972
226 357 288 422 560
661 358 927 424 HERODO'PI

225 561 308 622 ριοι,
323 530 385 620 τὴν
400 529 507 621 αὐτὴν
523 539 652 621 ἔχοντες
667 536 884 624 Παφλαγόσι,
903 535 1151 624 ἐστρατεύοντο.
1185 541 1220 607 ol
1236 537 1272 608 δὲ
1286 536 1360 608 Σύ-

225 665 291 726 ριοι
312 628 405 706 οὗτοι
424 633 490 706 ύκό
511 641 671 724 Περσέων
690 639 916 709 Καππαδόκαι
938 643 1134 710 καλέονται·
1173 643 1360 731 Παφλαγό-

225 769 296 811 νων
309 745 371 829 μέν
391 769 456 810 νυν
477 743 532 810 καὶ
548 748 734 830 Ματιηνῶν
748 749 866 823 Δῶτος
885 739 903 812 o‘
918 749 1140 834 Μεγασίδρου
1156 736 1255 834 ἦρχε,
1278 754 1361 814 Μα-

226 849 421 934 ριανδυνῶν
443 845 479 914 dl
494 848 549 913 καὶ
563 844 702 932 Λιγύων
718 848 774 914 καὶ
788 853 928 936 Συρίων
941 847 1103 936 Γωβρύης
1125 843 1143 916 ὁ
1158 856 1308 934 Δαρείου
1325 876 1361 917 τε

177 946 540 1038 73κα1Ἀρτνστωνης.
589 949 720 1036 Φρύγες
748 951 785 1019 δὲ
816 949 985 1038 ἀγχοτάτω
1012 956 1069 1039 τῆς
1098 959 1361 1041 Παφλαγονικῆς

224 1050 351 1140 σκευὴν
365 1051 471 1140 εἶχον,
490 1050 604 1139 ὀλίγον
618 1055 917 1141 παραλλάσσοντες.
949 1057 984 1122 oi
995 1055 1032 1124 dl
1048 1054 1197 1142 Φρύγες,
1219 1051 1264 1134 ὡς
1278 1063 1358 1124 Μα-

223 1155 359 1236 κεδόνες
380 1159 532 1242 λέγουσι,
555 1159 731 1225 ἐκαλέοντο
752 1165 872 1247 Βρίγες
894 1157 1032 1244 χρόνον,
1061 1154 1142 1226 ὅσον
1163 1155 1358 1247 Εὐρωπήιοι

223 1363 267 1408 tus
291 1372 336 1421 per
356 1356 450 1406 Asiam
473 1355 541 1405 baec
562 1371 628 1419 gens
651 1362 764 1406 extensa
815 1355 925 1406 Maked.
941 1373 1003 1422 pag.
1017 1359 1050 1408 52
1072 1363 1099 1407 et
1112 1358 1215 1408 Osann.
1229 1359 1257 1407 in
1277 1357 1358 1422 libro,

222 1427 308 1477 fuisse
322 1427 440 1487 videtur,
455 1425 517 1474 dum
530 1426 558 1474 in
573 1428 696 1490 Europae
708 1433 763 1475 tra·
815 1429 860 1491 qni
874 1428 1035 1477 inscribitur
1047 1427 1138 1477 Midas
1153 1442 1214 1492 pag.
1231 1429 1265 1478 45
1282 1427 1357 1492 (coll.

222 1503 282 1546 ctus
299 1494 482 1546 occidentales
497 1494 666 1558 immigrsrit.
695 1497 763 1545 lude
813 1496 901 1549 Anall.
923 1498 1011 1550 critic.
1031 1512 1057 1560 p.
1076 1495 1134 1562 13),
1156 1497 1201 1546 ubi
1220 1497 1265 1546 ille
1284 1497 1357 1562 apud

222 1567 320 1616 Vivien
340 1565 372 1614 de
391 1565 430 1614 St.
445 1565 547 1614 Martio
569 1563 694 1628 (Journal
714 1567 762 1616 des
813 1565 981 1616 Herodotum
990 1562 1275 1632 depscreflugirult.
1295 1569 1356 1630 Quo
1380 1595 1386 1606 ·

221 1637 349 1699 Voyages
371 1635 435 1683 1847
451 1633 548 1684 Juillet
566 1649 628 1698 pag.
648 1633 691 1699 tu)
714 1636 760 1684 Li·
813 1636 888 1698 prior
908 1635 961 1684 iarn
976 1637 1078 1686 Hoeck.
1095 1635 1168 1686 Cret.
1187 1636 1209 1685 1.
1225 1652 1286 1701 pag.
1304 1637 1355 1688 113

220 1719 295 1770 gyes,
306 1705 352 1768 qui
365 1704 571 1768 dicunturapud
583 1704 760 1766 Herodotum,
812 1720 868 1770 seq.
898 1707 1030 1754 Herodoti
1058 1707 1226 1755 summitate
1252 1707 1356 1757 reiecta

220 1775 306 1824 reiert
320 1773 353 1822 ad
369 1789 429 1823 enm
444 1774 560 1823 Caucasi
575 1779 698 1837 gentem,
715 1777 761 1824 cni
811 1774 931 1839 Phryges
948 1775 1091 1824 e'l‘lrracin
1106 1775 1202 1824 deduci
1216 1790 1296 1840 posse
1309 1791 1357 1826 ne·

221 1859 293 1894 nunc
312 1857 408 1892 nomon
429 1842 680 1906 semiretecta.
719 1845 761 1894 lte
811 1859 879 1908 gans
906 1844 995 1894 nullas
1019 1846 1128 1894 omnino
1154 1851 1248 1908 gentes
1268 1845 1355 1896 Thre-

221 1914 344 1964 Mnts'ear'e
361 1913 416 1963 vid.
432 1919 501 1962 nott.
518 1912 552 1961 ad
572 1912 601 1974 1,
623 1916 655 1963 72
681 1920 708 1962 et
727 1915 760 1963 de
812 1915 885 1963 cicae
903 1914 930 1962 in
945 1914 1108 1978 Phrygiam,
1129 1928 1210 1978 quarn
1225 1915 1353 1976 dicimus,

221 1983 400 2047 Mariandynis
416 1982 437 2046 1,
452 1981 495 2033 28.
513 1981 622 2044 111,110.
656 1983 761 2050 11ε8γ-
811 1984 983 2048 immigrasse
1002 1985 1119 2046 statuit,
1141 1997 1202 2032 cum
1216 1983 1353 2050 Phrygum

220 2055 272 2116 ris,
291 2053 337 2117 qni
355 2053 519 2115 Cappadoces
538 2056 684 2116 vocantur,
702 2054 758 2106 sid.
810 2069 876 2118 geos
891 2053 1083 2118 antiquissima
1100 2053 1127 2101 in
1143 2068 1189 2102 eos
1204 2053 1287 2103 Asiae
1304 2057 1355 2104 mi·

222 2124 249 2185 l,
271 2126 312 2173 72.
335 2122 373 2185 V,
396 2122 429 2172 49
448 2122 539 2186 ibique
559 2121 646 2171 allata
692 2123 760 2174 lnde
810 2125 884 2172 noris
910 2127 1032 2184 tractus,
1065 2137 1132 2186 quos
1160 2123 1281 2172 tenuisse
1304 2139 1353 2174 no·

221 2195 303 2242 etism
321 2192 372 2242 boo
396 2193 456 2242 loco
484 2206 544 2242 curn
567 2197 679 2243 receutt.
699 2193 759 2242 edd.
810 2192 914 2254 vimus,
934 2207 987 2242 non
1008 2207 1040 2241 ex
1057 2192 1164 2255 Europa
1177 2193 1349 2258 immigrarit,

220 2263 318 2327 scripsi
334 2254 435 2322 Σύριοι
450 2267 478 2312 et
492 2260 607 2322 Συρίων
622 2277 670 2325 pro
685 2261 760 2326 vulg.
809 2263 857 2311 sed
873 2277 887 2312 e
906 2261 1044 2312 montibus
1057 2262 1201 2311 Armeniae
1221 2260 1273 2312 hue
1290 2278 1353 2327 pro-

219 2329 310 2394 Σύροι
323 2338 349 2381 et
361 2323 477 2394 Σύρων;
492 2332 547 2382 sid.
560 2335 627 2381 nott.
638 2331 673 2380 ad
683 2331 705 2396 1,
716 2333 759 2381 72.
809 2331 883 2381 fecta
901 2332 1031 2396 indigena
1048 2331 1129 2394 quasi
1143 2330 1262 2398 haeserit
1280 2335 1353 2382 anti·

219 2403 369 2464 Advoces,
394 2395 759 2466 quaesubsequuntur,rq'v
811 2401 1078 2466 quissimoexaevo.
1107 2401 1149 2451 De
1161 2416 1214 2465 quo
1228 2400 1352 2465 pluribus

219 2464 311 2535 αὐτὴν
324 2464 444 2535 ἔχοντεςς
459 2471 495 2521 ci.
507 2477 576 2522 nott.
587 2470 623 2520 ad
639 2471 699 2533 Vll,
715 2473 758 2521 112.
810 2471 943 2522 disserere
966 2485 1037 2520 nunc
1053 2485 1108 2519 non
1131 2477 1220 2520 vacat.
1256 2473 1352 2535 Neque

629 2537 634 2552 '
810 2541 896 2601 enirn,
914 2541 939 2589 ai
952 2540 1015 2604 quid
1030 2539 1125 2601 video,
1144 2540 1290 2604 quidquam
1302 2541 1352 2590 ob-

809 2614 878 2672 stat,
901 2610 1055 2674 quominus
1070 2609 1168 2658 tribum
1181 2610 1318 2674 quandam
1335 2627 1350 2661 e

809 2677 928 2728 Thracia
939 2678 1002 2728 olim
1014 2677 1049 2728 ad
1060 2680 1201 2742 oppositas
1214 2679 1295 2729 Asiae
1308 2695 1352 2730 re·

807 2748 903 2811 gisnes
916 2748 1085 2812 immigrasse
1095 2748 1186 2812 ibique
1197 2763 1256 2797 cum
1266 2749 1351 2800 Asiae

1364 1819 1382 1848 ἱ

382 2676 448 2727 Car.
468 2675 595 2728 LXXlll.

259 2803 366 2878 Φρύγες
390 2805 422 2860 δὲ
438 2804 591 2875 -ύγχοτοὶτω
616 2827 641 2865 κ,
669 2827 691 2860 τ.
719 2809 755 2876 l.]

218 2883 333 2948 Ρίαγγεο
344 2885 443 2933 Noster
462 2886 653 2930 commemorat
668 2881 696 2938 1.
712 2883 755 2932 28.

218 2954 260 3002 7¹2.
282 2951 339 3014 111,
356 2949 399 3000 uo.
436 2951 488 3012 Qui
508 2950 587 3000 iidem
604 2949 675 3014 quod
689 2951 757 3017 Bry-

215 3037 261 3086 pes
272 3020 335 3071 olirn
354 3020 446 3070 vocati
459 3025 536 3082 sunt,
558 3035 590 3070 ex
602 3021 713 3085 Europa
728 3023 756 3070 in

216 3093 309 3142 Asiam
324 3091 502 3155 transgressi,
519 3091 643 3141 referunt
656 3089 707 3140 hoc
721 3092 757 3140 ad

215 3160 394 3212 Macedonum
414 3175 523 3222 sonum,
546 3177 599 3226 quo
617 3157 756 3218 Βίλιππος

216 3237 243 3280 et
263 3225 407 3292 Βάλακρος
428 3232 474 3280 isti
496 3231 624 3281 dicebant
642 3245 691 3294 pro
710 3229 757 3280 Φί-

215 3300 318 3356 λιππος
329 3305 356 3348 et
366 3295 520 3364 Φύλακρος,
533 3301 639 3352 literam
654 3301 757 3365 &nun-

215 3385 295 3436 quam
312 3370 391 3420 iuitio
407 3387 501 3421 vocum
516 3378 663 3436 ponentes,
678 3371 755 3422 atad

214 3441 262 3503 Vl,
273 3440 306 3490 45
319 3440 374 3488 iarn
389 3441 515 3492 diximus.
547 3442 583 3490 Et
596 3457 755 3492 commemo-

214 3514 311 3560 rantur
330 3509 444 3575 Brypes,
466 3515 497 3560 ut
515 3515 593 3560 notat
606 3511 754 3563 Weeselin-

213 3580 274 3645 gius
298 3579 370 3643 apud
392 3578 521 3644 scophen.
543 3581 660 3646 Byzant.
681 3598 703 3631 s.
725 3596 752 3630 r.

214 3664 276 3714 pag.
291 3649 342 3698 ²46
355 3654 383 3699 et
395 3648 498 3700 Conon.
513 3651 621 3700 Narrat.
638 3652 661 3704 1.
699 3649 752 3699 Ad·

212 3719 253 3768 dit
263 3713 751 3783 Schweighaens.Bodyovc,eiusdern

212 3789 327 3854 originis
345 3793 469 3853 gentem,
498 3789 525 3838 in
544 3789 662 3840 Thracia
680 3805 750 3855 quae

212 3859 351 3920 manserit,
364 3863 435 3907 teste
444 3857 577 3909 Herodot.
590 3859 637 3923 Vi,
648 3861 690 3918 45.
704 3860 751 3909 ubi

212 3929 285 3979 coni.
295 3933 363 3978 nott.
375 3933 402 3977 et
411 3927 479 3990 Vll,
494 3927 551 3978 185.
584 3928 664 3993 Apud
674 3929 750 3979 Stra·

211 3999 307 4050 bonem
321 3997 382 4050 vll.
398 4011 459 4076 pag.
473 3997 562 4050 2950.
579 4012 601 4050 s.
615 4013 640 4063 p.
657 3998 751 4050 esea:

211 4069 269 4133 (ubi
286 4067 367 4132 vulgo
390 4064 504 4130 Βρνγες)
522 4065 584 4117 οοΙΙ.
603 4067 666 4117 1111.
684 4081 746 4132 pag.

210 4130 262 4189 550
282 4156 303 4190 s.
322 4138 411 4189 8174.
436 4151 507 4186 nunc
530 4136 619 4186 editur
635 4135 747 4200 Βρίγες;

210 4214 240 4257 tn
253 4209 309 4258 vid.
323 4207 356 4258 ad
376 4221 435 4258 eum
453 4206 470 4256 l.
487 4205 647 4258 Teschuoke
667 4208 698 4257 Τ.
712 4209 745 4260 V.

208 4291 271 4341 pag.
287 4277 320 4328 92
335 4293 392 4340 seq.
411 4275 472 4328 coll.
491 4276 635 4340 Koeppen:
660 4277 746 4326 Nord-

807 2822 888 2881 gente
911 2817 1054 2883 indigena,
1081 2816 1187 2882 qualem
1211 2816 1349 2883 Phrygum

806 2885 892 2938 inisse
906 2887 1018 2948 volunt,
1033 2885 1169 2938 coaluisse
1185 2891 1348 2942 statuamus.

806 2957 845 3006 Ac
859 2956 938 3021 plura
953 2963 1098 3021 supersunt
1113 2957 1233 3022 vestigia
1248 2973 1348 3008 conne-

806 3041 856 3076 xus
873 3027 1014 3076 cuiusdam
1029 3031 1056 3076 et
1070 3027 1255 3090 cognationis,
1277 3043 1349 3092 qnae

807 3095 870 3146 olim
892 3097 961 3146 inter
976 3096 1058 3146 Asiae
1078 3097 1189 3146 minoris
1206 3101 1301 3161 gentes
1319 3103 1349 3148 et

797 3168 930 3230 ,Europae
942 3171 1037 3230 gentes
1051 3165 1202 3216 Thracioas
1218 3168 1349 3216 interces-

806 3235 888 3298 serit,
910 3237 974 3300 quin
999 3237 1119 3299 ipsarum
1145 3235 1345 3300 migrationum,

807 3321 878 3370 quae
892 3305 955 3354 olim
968 3305 1003 3354 ab
1016 3306 1158 3355 occidente
1169 3307 1197 3354 in
1214 3307 1345 3356 orientem

807 3375 899 3424 Asiam
926 3375 1017 3424 iactae
1041 3376 1110 3433 sint,
1139 3375 1208 3424 bene
1231 3379 1345 3426 notante

805 3445 926 3494 Rittero:
944 3444 1090 3494 Erdlrunde
1100 3445 1137 3494 11.
1148 3459 1210 3509 pag.
1221 3443 1344 3495 7820011.

805 3512 932 3564 Vorballe
947 3520 1000 3564 etc.
1021 3529 1048 3578 p.
1069 3515 1128 3564 ²54.
1166 3515 1226 3574 Quo
1250 3515 1344 3577 etiam,

804 3581 859 3632 alia
873 3589 1035 3645 ultumam,
1058 3583 1196 3646 pertinent
1210 3583 1312 3647 Bithyni
1329 3600 1345 3634 e

803 3652 923 3702 Thracia
948 3654 974 3702 in
994 3653 1086 3702 Asiam
1109 3653 1241 3716 ingressi,
1272 3659 1344 3703 teate

802 3721 942 3772 Herodoto
962 3722 1030 3782 Vll,
1052 3722 1099 3776 752
1129 3722 1202 3771 coni.
1228 3721 1342 3772 (liselrez

802 3789 1145 3855 'l'brakiscb-Pelasgische
1156 3793 1275 3842 Stiimrne
1288 3797 1341 3842 ete.

800 3873 865 3926 pag.
876 3863 906 3922 ¹2,
921 3861 968 3925 qui
979 3859 1100 3924 Phryges
1113 3876 1137 3911 s.
1148 3861 1244 3926 Briges
1257 3859 1341 3912 hosce

800 3945 928 3980 unacum
943 3929 1098 3980 Paeonibus
1113 3945 1147 3979 ex
1158 3931 1224 3980 Asia
1242 3931 1341 3980 minori

800 4000 938 4064 proiectos
959 3999 1037 4051 sedes
1054 4000 1161 4064 cepisse
1179 3999 1239 4050 vult
1256 4015 1342 4065 prope

798 4069 977 4128 Macedonem
994 4069 1048 4120 vid.
1059 4084 1121 4133 pag.
1135 4069 1160 4120 8.
1174 4068 1231 4119 107.
1260 4069 1341 4134 Apud

798 4138 965 4204 Hesychium
988 4140 1009 4189 1.
1030 4154 1056 4204 p.
1079 4139 1129 4189 rou
1151 4155 1173 4190 s.
1194 4153 1219 4192 s.
1241 4138 1341 4202 Βρίγες

798 4209 868 4258 inter
884 4208 938 4258 alia
957 4208 1109 4258 afferuntur
1129 4223 1236 4274 qaoque
1255 4207 1339 4259 haser

793 4268 884 4344 Ἰόβας
901 4269 932 4326 dl
950 4270 1007 4327 ὑπὸ
1021 4275 1125 4328 ,rodes
1141 4275 1273 4340 quiverat
1290 4277 1340 4342 (al.

207 4349 312 4410 gestad.
326 4348 353 4398 d.
366 4347 446 4396 Pont.
460 4361 486 4410 p.
502 4346 549 4408 λ’),
569 4345 599 4396 C.
613 4347 644 4396 O.
660 4345 747 4397 Muel-
794 4341 998 4412 α’ττοφαίνεται)
1021 4345 1109 4412 Βρίγα
1132 4344 1263 4410 λέγεσθαι
1288 4337 1340 4396 τὸν

208 4416 255 4466 ler.
267 4419 332 4471 Dor.
346 4417 369 4468 1.
381 4431 408 4481 p.
420 4417 435 4466 λ
449 4429 525 4480 seqq.
540 4421 579 4466 et:
598 4416 688 4467 Ucber
703 4417 746 4467 dio

796 4406 962 4480 ἕλεύθεροντ
988 4417 1080 4468 eodem
1105 4431 1186 4468 sensu
1208 4433 1222 4468 e
1243 4417 1340 4482 lingna
