2994 4972
444 325 813 388 'rnurswflontn
836 328 875 387 V.
899 336 941 388 22.
964 337 1007 390 23.
1250 331 1290 394 39

152 497 290 588 αἰτήσας
304 505 398 588 ἔτυχε
419 497 544 587 μισθὸν
565 497 695 588 δωρεὴν
716 505 867 589 φυλακῆς
886 504 942 590 τῆς
957 507 1106 591 σχεδίης,
1129 501 1239 584 ἐόντος
1255 508 1290 576 dl

152 607 214 671 τοῦ
233 602 344 691 χώρου
363 601 485 672 τούτου
504 601 594 693 παρὰ
615 603 797 692 Στρυμόνα
817 601 983 694 ποταμὸν,
1006 610 1054 698 τῷ
1074 604 1202 696 ούνομύ
1222 612 1290 677 ἐστι

152 705 347 793 Μύρκινος,
363 705 484 796 μαθών
498 703 725 795 ὁΜεγύβυζος
739 705 775 776 τὸ
790 707 990 796 ποιεύμενον
1005 713 1041 779 ἐκ
1055 715 1116 780 τοῦ
1122 707 1289 798 Ἱστιαίου,

152 807 198 891 ὡς
212 801 297 898 ἦλθε
318 808 452 898 τάχιστα
467 815 500 891 ἐς
514 809 571 891 τὰς
584 810 712 900 Σάρδις
725 808 818 900 ἄγων
831 809 908 891 τούς
922 821 1087 901 Παίονας,
1109 822 1203 903 ἔλεγε
1217 828 1287 884 Δα-

152 923 233 1005 ρείῳ
247 913 341 982 τάδε·
366 904 407 981 Ὦ
427 920 582 1002 βασιλεῦ,
608 913 701 984 κοῖόν
722 943 754 984 τι
776 919 884 1004 χρῆμα
906 919 1079 1004 ἐποίησας,
1099 914 1199 1006 ἀνδρὶ
1209 916 1286 987 Ἕλ-

151 1027 228 1107 ληνι
250 1021 352 1108 δεινῷ
370 1045 405 1086 τε
425 1020 480 1087 καὶ
501 1022 596 1111 σοφῷ
619 1015 697 1098 δούς
719 1018 944 1108 ἐγκτήσαοδαι
964 1019 1062 1089 πόλιν
1082 1023 1119 1090 ἐν
1140 1029 1285 1112 Θρηΐκῃς

154 1184 372 1244 ll.narrantur;
393 1183 453 1248 ipsa
471 1185 694 1235 sententiabaud
745 1186 773 1235 in
808 1185 928 1236 Thracia
964 1175 1160 1250 Ιδμκτήσασδαι
1192 1183 1285 1249 πόλιν,

151 1253 283 1303 obscura:
302 1269 426 1304 rarescere
440 1255 571 1304 Histiaeus
585 1259 694 1305 ιὀυινυι-
744 1255 828 1305 urbem
853 1255 903 1305 sibi
918 1257 1096 1320 possidendam
1115 1259 1286 1322 acquisivisse.

151 1327 219 1374 niret
236 1323 396 1374 eumenides
412 1325 527 1386 suspiret
538 1341 591 1374 euru
606 1329 692 1386 (οιτον,
743 1327 911 1390 Frequenter
927 1327 1046 1378 occurrit
1062 1329 1090 1376 in
1107 1329 1288 1378 monumentis

151 1409 221 1457 quem
237 1411 253 1442 a
267 1393 318 1441 nas
326 1395 349 1442 io
363 1397 497 1456 expetitum
513 1394 577 1445 δοοο
591 1410 693 1456 occepe-

150 1471 202 1522 τοι,
211 1470 327 1528 torrqrmm
338 1463 473 1512 meru-edem
480 1467 563 1526 pontis
569 1465 693 1516 custoditi.

151 1531 241 1582 Verbo
264 1534 367 1595 τιιχείν
387 1533 480 1582 eodem
503 1533 581 1583 modo
596 1536 695 1585 Noster

150 1603 238 1651 utitur
249 1601 327 1660 Vlll,
338 1601 380 1661 40.
397 1602 445 1662 ΙΧ,
457 1603 481 1650 7.
492 1604 519 1653 8.
529 1629 563 1638 -
582 1605 635 1652 Ριο
645 1592 694 1652 iss

150 1667 168 1718 δ
174 1665 186 1720 d
200 1669 309 1722 exbibet
318 1670 491 1721 Florentinns
501 1663 547 1720 dire
561 1665 621 1736 δὴ,
636 1689 693 1737 par·

149 1757 244 1806 peram
255 1777 261 1800 ,
277 1741 337 1790 mod
348 1742 454 1805 quidem
464 1743 616 1806 sententiis,
631 1759 691 1792 cum

149 1811 243 1876 potius
253 1809 414 1875 particulam
426 1804 457 1860 δὲ
467 1813 590 1877 flugitare
601 1812 692 1863 vides-

149 1880 408 1932 tnrlocisententia.
419 1881 475 1932 Nec
484 1882 691 1932 mor-orenndem

149 1947 311 2016 particulam
329 1950 358 1999 in
370 1951 461 2000 verbis
478 1942 574 2008 ἐόντος
589 1946 625 2000 δὲ
640 1949 691 1999 τοῦ

148 2011 245 2085 χοίρου
259 2035 284 2070 κ.
297 2035 319 2069 τ.
338 2019 376 2070 i.:
405 2021 505 2085 quippe
523 2036 593 2086 quae
609 2020 691 2085 expli-

149 2090 231 2140 candi
251 2104 334 2139 carisa
354 2091 491 2154 prioribus
508 2091 563 2140 sint
585 2090 689 2138 addite.

148 2157 280 2210 Voculam
318 2153 428 2220 ιισθδν,
462 2175 543 2224 quam
570 2163 690 2225 spurium

148 2228 247 2279 babuit
262 2175 424 2280 Scllseierns
442 2231 519 2279 uncis
540 2227 689 2291 includens,

146 2299 278 2349 cancellis
291 2297 406 2350 liberavi
419 2303 450 2348 ut
462 2299 579 2348 maxime
595 2312 690 2347 sanum

147 2377 175 2419 et
190 2369 308 2418 omnium
322 2369 400 2418 codd.
415 2368 580 2418 auctoritato
594 2361 690 2432 proba-

147 2445 213 2489 tum.
243 2438 349 2503 Stager.
364 2444 426 2502 post
439 2453 533 2488 vocem
543 2434 690 2502 Μιλησίου

147 2509 284 2558 excidisse
294 2509 449 2559 coniecerat
458 2499 623 2569 Μύρκινον,
638 2522 691 2572 qna

146 2593 216 2628 voca
243 2578 338 2628 addite
364 2593 431 2642 opus
455 2593 508 2628 non
532 2592 592 2628 esse
614 2583 689 2641 puto.

146 2650 205 2700 liae
218 2650 306 2714 magis
320 2663 401 2713 opus,
419 2663 478 2697 eum
491 2647 550 2697 viro
563 2645 643 2697 docto
655 2647 691 2696 le-

145 2733 211 2780 gere
221 2723 326 2768 mutata
334 2717 497 2782 singularum
506 2732 601 2767 vocum
612 2717 690 2766 sede:

146 2783 227 2851 ἔτυχε
239 2778 360 2851 δωρεὴν,
372 2778 480 2848 μισθὸν
491 2783 627 2850 φυλακῆς.
646 2786 690 2836 ln-

147 2859 191 2908 ira
204 2857 237 2909 V.
252 2859 314 2906 124:
333 2849 532 2918 Μύρκινον-
544 2847 620 2918 παρὰ
634 2858 690 2904 Λα·

147 2923 229 2990 μείου
241 2917 463 2990 δοιρεήνλαβοίν.
490 2925 595 2976 Similia
611 2939 690 2990 quae·

146 2999 211 3048 dam
233 2996 312 3046 affert
327 2995 487 3060 Wesseling.
509 3011 524 3045 e
541 2995 688 3059 Diophani.

145 3065 292 3118 Arithmet.
306 3064 339 3115 V.
354 3081 416 3130 pag.
429 3065 495 3128 269,
515 3065 590 3117 Stob.
605 3063 689 3114 Serm.

146 3136 282 3186 LXXXV.
297 3150 357 3199 pag.
371 3135 430 3185 497.
445 3135 522 3187 Τοτο.
535 3135 586 3184 111.
601 3149 625 3198 p.
639 3133 690 3185 206

147 3205 238 3258 Gaisi.
262 3205 303 3256 De
316 3205 434 3270 Mprciuo
446 3203 519 3254 coni.
536 3206 573 3266 V,
590 3203 619 3254 ll
640 3203 690 3252 ibi·

148 3289 205 3340 qna
217 3279 287 3324 nott.

183 3335 254 3400 δούς
271 3331 461 3406 ἐγκτήσασθαι
478 3332 562 3389 πόλιν
574 3329 603 3388 ἓν
614 3339 688 3403 Θρη-

147 3411 209 3480 inp]
248 3412 327 3475 Quod
358 3411 421 3462 olim
447 3413 606 3476 impressum
630 3414 690 3460 erat

148 3484 274 3549 quodque
295 3482 408 3532 retinuit
427 3481 539 3545 Nesseis,
566 3471 688 3543 ἒγκτίσα·

148 3552 230 3614 σθαι,
242 3552 270 3601 id
283 3567 297 3602 e
309 3549 387 3603 codd.
402 3549 538 3600 nonnullis
551 3565 622 3600 nunc
634 3563 689 3598 mu·

146 3629 238 3672 totum
250 3627 292 3672 est
304 3623 332 3670 in
344 3612 543 3686 ἔγκτήσοισθαι,
558 3615 629 3684 quod
641 3617 689 3667 du-

146 3693 212 3742 dum
222 3691 346 3741 voluerat
359 3692 386 3740 V
388 3693 419 3740 oi
424 3691 521 3750 cisen,
532 3706 545 3739 e
557 3690 633 3738 cuius
643 3703 690 3736 sn·

746 1395 826 1444 etiam
840 1394 953 1459 lapideis
967 1389 1107 1460 iysrpose:
1128 1411 1180 1462 quo
1194 1412 1285 1460 sensu,

746 1463 854 1514 docebit
864 1464 1051 1516 Hemsterhus.
1069 1465 1104 1514 ad
1116 1466 1238 1529 Hesych.
1257 1469 1285 1515 in

746 1551 804 1584 voc.
814 1525 976 1600 Ἐμποῖμμῳ,
987 1535 1131 1585 occasione
1141 1538 1217 1586 vocis
1225 1527 1285 1598 Ἐμ-

744 1595 855 1667 πύσεις,
869 1603 904 1652 ed
919 1620 999 1669 quam
1012 1605 1068 1657 rid.
1078 1604 1180 1654 bibent.
1209 1605 1285 1668 Quid-

744 1674 804 1739 quid
830 1689 947 1736 aprorum
976 1689 1025 1724 oen
1052 1675 1151 1724 aedium
1179 1679 1233 1739 quis
1260 1677 1284 1724 in

742 1752 814 1793 terr-a
830 1743 883 1793 sibi
897 1745 986 1806 putria
1004 1748 1189 1809 comparatum
1202 1747 1285 1808 possi·

743 1813 832 1872 debui,
855 1828 923 1864 voco
942 1805 1090 1877 κτημάτων
1108 1814 1284 1880 significaba-

743 1887 801 1947 tur,
823 1875 944 1947 ἔγκτημα
958 1884 1087 1945 possessio
1101 1883 1245 1934 dicebatur
1259 1885 1283 1932 iu

742 1955 844 2016 cepione
852 1955 1004 2017 peregrina,-
1017 1945 1144 2017 ἔγκτησις
1154 1957 1193 2004 ius
1203 1955 1284 2004 istius-

741 2023 807 2072 modi
825 2023 874 2071 sibi
893 2024 1061 2085 possessionis
1082 2023 1283 2087 acquirendae.“

742 2090 847 2153 Quibus
868 2091 922 2141 alia
944 2091 1076 2156 quaedam
1094 2092 1172 2143 addit
1185 2091 1282 2144 Vslck.

742 2159 775 2208 de
801 2159 914 2209 vocibus
939 2157 1065 2224 κτήματα
1085 2167 1167 2227 etque
1189 2153 1282 2226 ἐγκτή-

741 2243 827 2292 ματα,
844 2229 878 2278 δο
892 2229 989 2292 quibus
1002 2231 1083 2280 etiam
1100 2231 1172 2284 coni.
1185 2233 1283 2281 Borne-

741 2313 833 2348 mann.
848 2298 881 2346 ad
892 2299 1063 2360 Xenophont.
1078 2299 1192 2351 Conviv.
1202 2301 1226 2362 §-
1238 2300 1280 2351 31.

740 2383 803 2433 pag.
820 2368 883 2427 1283
904 2366 936 2416 de
950 2383 1017 2417 voce
1031 2361 1158 2430 ἔγκτησις
1171 2369 1199 2418 in
1213 2369 1283 2418 anti-

742 2437 803 2503 quis
826 2437 1007 2487 monumentis
1036 2437 1173 2486 tabulisve
1201 2437 1283 2486 obvia
1386 2464 1388 2470 ¹

741 2508 819 2572 plura
841 2521 948 2571 qnoque
968 2505 1063 2555 uitulit
1076 2504 1283 2570 Wesselingius,

741 2577 785 2626 oui
795 2576 857 2629 edd.
866 2573 984 2629 Voemel.
994 2575 1028 2624 ad
1038 2573 1284 2626 Demosthen.Pbi-

741 2647 807 2711 lipp.
824 2645 947 2710 Prolegg.
964 2661 1026 2710 pag.
1042 2644 1082 2696 19.
1097 2649 1153 2694 not.
1165 2645 1190 2707 7,
1213 2643 1283 2694 stui-

742 2723 791 2766 ter.
806 2717 896 2765 Lecti.
913 2714 1065 2764 Andocidd.
1089 2729 1152 2779 pag.
1171 2713 1219 2763 137
1239 2713 1280 2764 ed.

741 2786 817 2850 Lips.
847 2785 890 2835 Ad
909 2785 1022 2834 verbum
1045 2773 1199 2847 ἒμκτᾶσθαι
1220 2781 1281 2832 Val-

740 2855 819 2905 cken.
834 2854 940 2904 confert
953 2855 1050 2905 Genes.
1064 2854 1106 2912 34,
1121 2855 1166 2912 10;
1184 2854 1283 2902 Demo-

740 2925 827 2976 sthen.
845 2941 868 2976 o.
881 2923 1061 2988 Polyel'pag.
1079 2923 1143 2982 667,
1161 2923 1190 2973 13
1208 2919 1281 2988 [pag.

743 2994 817 3052 1²08,
825 2995 857 3044 27
866 2992 980 3058 Reisk.].
1001 2994 1046 3044 Gr.
1060 2992 1282 3042 sdditLetronne

741 3068 769 3113 et
787 3063 948 3116 Boissoncd.
969 3063 997 3112 in
1016 3061 1096 3112 buius
1119 3061 1281 3114 Commentt.

741 3133 775 3182 ad
789 3133 915 3196 inscript.
930 3133 1035 3182 Actias.
1050 3133 1085 3182 od
1100 3131 1202 3182 calcem
1216 3131 1281 3182 Hol-

741 3203 824 3253 stenii
836 3199 962 3264 Epistoli.
977 3219 1003 3266 p.
1017 3202 1077 3252 455.
1113 3202 1145 3250 In
1162 3217 1215 3266 quo
1237 3217 1280 3251 eo-

741 3273 800 3322 dem
818 3270 902 3322 verbo
919 3270 973 3319 vim
991 3285 1067 3320 suam
1087 3271 1186 3321 retinet
1204 3286 1281 3335 prse-

740 3341 843 3407 positio
854 3331 891 3398 ἒν,
906 3354 991 3405 seque
1005 3345 1086 3405 atque
1098 3341 1127 3389 in
1139 3339 1200 3389 eliis
1212 3341 1281 3392 eius·

740 3409 815 3461 modi
832 3409 938 3469 verbis,
962 3399 1280 3473 ἐνστρατοπεδεύεσθαι,

741 3470 968 3544 ἐναγωνίζεσθαι,
981 3477 1057 3538 aiiis;
1073 3479 1106 3529 de
1117 3479 1214 3544 quibus
1225 3479 1279 3530 vid.

741 3547 901 3612 Wesseling.
917 3548 951 3596 ad
962 3548 1063 3598 Herod.
1077 3550 1125 3608 lX,
1141 3549 1155 3597 7
1170 3554 1197 3598 et
1211 3565 1282 3614 quae
1321 3570 1323 3572 ·

741 3619 858 3669 diximus
871 3619 898 3667 in
906 3617 1034 3667 Oreuseri
1042 3617 1204 3671 Melett.111.
1213 3635 1239 3684 p.
1249 3620 1281 3668 72

741 3687 775 3738 ad
787 3687 924 3738 Plutarch.
937 3687 1080 3738 Artaxerx.
1093 3689 1136 3738 22.
1163 3691 1219 3738 Neo
1233 3688 1282 3738 ali-

145 3762 292 3812 notstione
315 3761 351 3810 ad
368 3760 395 3810 b.
414 3759 432 3812 l.
453 3759 519 3809 baec
537 3757 690 3808 adscribere
740 3764 781 3809 ter
795 3758 851 3808 iere
861 3757 932 3822 apud
942 3757 1070 3807 Nostrum
1081 3757 1129 3818 VI,
1143 3757 1204 3807 102:
1224 3748 1282 3806 ἔπι-

146 3831 254 3898 plaeets
273 3831 383 3894 „Qum
394 3845 410 3878 a
420 3830 505 3880 Dario
516 3828 632 3892 petierat
640 3827 690 3876 Mi·
740 3819 918 3890 τηδεούτατον
936 3825 1042 3890 χωρίον
1055 3854 1087 3862 -
1104 3816 1280 3875 ἐνιππεῦσαι.

146 3902 197 3952 leti
214 3905 347 3964 tyrannus
364 3899 504 3950 Histiaeus
524 3898 551 3946 in
568 3895 690 3946 Edonide
741 3898 809 3960 vlt,
826 3897 868 3947 59.
882 3925 914 3935 -
940 3897 971 3946 In
988 3899 1108 3961 proxime
1128 3911 1203 3962 seqq.
1224 3895 1283 3943 iun-

144 3972 298 4037 regionem,
314 3960 466 4031 Μύρκινον
479 3967 594 4029 dictem,
609 3969 691 4030 impe·
740 3971 840 4033 guntur
854 3957 948 4022 δεινός
957 3979 986 4015 τε
995 3960 1041 4015 καὶ
1056 3957 1148 4029 σοφὸς
1158 3962 1282 4027 solemni,

147 4041 238 4091 travit
261 4031 433 4105 βουλόμενος
458 4028 488 4086 ἐν
512 4030 585 4099 αὐτῇ
607 4029 691 4084 πόλιν
742 4037 906 4096 dividetur,
921 4033 1148 4098 more,deqnoa
1164 4033 1210 4082 Or.
1226 4031 1282 4080 lau·

145 4107 243 4160 κτίσαι
254 4110 298 4172 (V,
311 4107 367 4172 ll):
382 4109 410 4158 in
419 4107 487 4158 urbe
495 4105 637 4157 condenda
649 4105 694 4156 de·
744 4107 824 4156 datus
836 4105 978 4156 Heindorf.
993 4103 1028 4154 sd
1040 4103 1146 4153 Platon.
1164 4099 1280 4152 Phaedr.

144 4179 296 4247 prehendit
309 4183 471 4242 occupatum
480 4175 656 4242 Megabyzum
666 4179 693 4225 et
744 4180 767 4240 §-
781 4175 824 4227 50.
838 4191 902 4240 pag.
916 4175 980 4236 245,
1000 4171 1150 4222 Herodotei
1162 4167 1215 4221 loci
1228 4187 1281 4221 non

130 4249 316 4313 simulatque
337 4247 436 4298 Sardes
455 4247 590 4308 venisset,
614 4245 694 4296 docet
743 4247 891 4295 immemor.
925 4245 966 4293 De
987 4241 1187 4306 significatione
1204 4245 1280 4293 vocis

145 4319 197 4370 illa
210 4333 301 4384 regem
314 4317 402 4368 minus
420 4315 519 4368 iecisse
539 4314 692 4381 prudenter,
744 4309 833 4374 σοφὸς
853 4312 924 4364 coni.
938 4327 1021 4376 supra
1039 4309 1125 4394 allata
1137 4310 1172 4362 sd
1185 4313 1222 4375 V,
1238 4313 1279 4392 iii.

143 4389 198 4456 qui
216 4387 385 4454 permiserit,
408 4386 542 4438 bominem
559 4385 693 4436 Graecum
743 4384 821 4436 Ioira
831 4383 885 4449 IX,
901 4381 949 4435 116
960 4384 1060 4434 Noster
1071 4396 1144 4448 ανηρ
1158 4378 1280 4442 δεινος
