<?xml version="1.0" encoding="UTF-8"?>
<!DOCTYPE html PUBLIC "-//W3C//DTD XHTML 1.0 Transitional//EN"
    "http://www.w3.org/TR/xhtml1/DTD/xhtml1-transitional.dtd">
<html xmlns="http://www.w3.org/1999/xhtml" xml:lang="en" lang="en">
 <head>
  <title>
</title>
<meta http-equiv="Content-Type" content="text/html;charset=utf-8" />
  <meta name='ocr-system' content='tesseract 3.04.00' />
  <meta name='ocr-capabilities' content='ocr_page ocr_carea ocr_par ocr_line ocrx_word'/>
</head>
<body>
  <div class='ocr_page' id='page_1' title='image "./herodotihalicar01bhgoog_0786.png"; bbox 0 0 2986 5014; ppageno 0'>
   <div class='ocr_carea' id='block_1_1' title="bbox 442 313 1278 398">
    <p class='ocr_par' dir='ltr' id='par_1_1' title="bbox 442 313 1278 398">
     <span class='ocr_line' id='line_1_1' title="bbox 442 313 1278 398; baseline -0.004 -19"><span class='ocrx_word' id='word_1_1' title='bbox 442 313 984 381; x_wconf 75' lang='lat' dir='ltr'><strong>POLYMNIA.VII.213-lli.</strong></span> <span class='ocrx_word' id='word_1_2' title='bbox 1116 393 1118 398; x_wconf 17' lang='grc' dir='ltr'>ι</span> <span class='ocrx_word' id='word_1_3' title='bbox 1216 315 1278 378; x_wconf 83' lang='grc'><strong>769</strong></span> 
     </span>
    </p>
   </div>
   <div class='ocr_carea' id='block_1_2' title="bbox 139 486 1340 1414">
    <p class='ocr_par' dir='ltr' id='par_1_2' title="bbox 139 486 1340 1414">
     <span class='ocr_line' id='line_1_2' title="bbox 144 486 1276 586; baseline -0.007 -20"><span class='ocrx_word' id='word_1_4' title='bbox 144 496 206 586; x_wconf 71' lang='grc' dir='ltr'><strong>μὲν</strong></span> <span class='ocrx_word' id='word_1_5' title='bbox 223 493 286 584; x_wconf 87' lang='grc' dir='ltr'><strong>γάρ</strong></span> <span class='ocrx_word' id='word_1_6' title='bbox 301 489 360 578; x_wconf 83' lang='grc' dir='ltr'><em>άν,</em></span> <span class='ocrx_word' id='word_1_7' title='bbox 386 493 441 561; x_wconf 78' lang='grc' dir='ltr'><em>καὶ</em></span> <span class='ocrx_word' id='word_1_8' title='bbox 462 489 528 561; x_wconf 79' lang='grc' dir='ltr'><strong>ἐάν</strong></span> <span class='ocrx_word' id='word_1_9' title='bbox 547 487 593 580; x_wconf 79' lang='grc' dir='ltr'><strong>μὴ</strong></span> <span class='ocrx_word' id='word_1_10' title='bbox 605 487 778 579; x_wconf 75' lang='grc' dir='ltr'><strong><em>Μηλιεὺς,</em></strong></span> <span class='ocrx_word' id='word_1_11' title='bbox 799 489 926 578; x_wconf 82' lang='grc' dir='ltr'><em>ταύτην</em></span> <span class='ocrx_word' id='word_1_12' title='bbox 938 487 999 579; x_wconf 78' lang='grc' dir='ltr'><strong>τὴν</strong></span> <span class='ocrx_word' id='word_1_13' title='bbox 1013 486 1163 578; x_wconf 85' lang='grc' dir='ltr'><em>άτραπόν</em></span> <span class='ocrx_word' id='word_1_14' title='bbox 1181 486 1276 580; x_wconf 86' lang='grc' dir='ltr'><em>Ὀνή-</em></span> 
     </span>
     <span class='ocr_line' id='line_1_3' title="bbox 143 590 1277 689; baseline -0.006 -20"><span class='ocrx_word' id='word_1_15' title='bbox 143 629 218 689; x_wconf 85' lang='grc' dir='ltr'><em>της,</em></span> <span class='ocrx_word' id='word_1_16' title='bbox 235 607 267 669; x_wconf 82' lang='grc' dir='ltr'><em>εἰ</em></span> <span class='ocrx_word' id='word_1_17' title='bbox 280 603 321 688; x_wconf 78' lang='grc' dir='ltr'><strong>τῇ</strong></span> <span class='ocrx_word' id='word_1_18' title='bbox 331 596 422 686; x_wconf 76' lang='grc' dir='ltr'><em>χώρῃ</em></span> <span class='ocrx_word' id='word_1_19' title='bbox 437 593 544 666; x_wconf 79' lang='grc' dir='ltr'><em>πολλά</em></span> <span class='ocrx_word' id='word_1_20' title='bbox 560 590 734 684; x_wconf 72' lang='grc' dir='ltr'><em>ὡμιληκώς</em></span> <span class='ocrx_word' id='word_1_21' title='bbox 747 605 816 681; x_wconf 76' lang='grc' dir='ltr'><em>εἴη·</em></span> <span class='ocrx_word' id='word_1_22' title='bbox 850 590 924 662; x_wconf 81' lang='grc' dir='ltr'><em>άλ).’</em></span> <span class='ocrx_word' id='word_1_23' title='bbox 943 591 1115 682; x_wconf 77' lang='grc' dir='ltr'><em>Ἐπιάλτης</em></span> <span class='ocrx_word' id='word_1_24' title='bbox 1130 595 1194 682; x_wconf 89' lang='grc' dir='ltr'><strong>γάρ</strong></span> <span class='ocrx_word' id='word_1_25' title='bbox 1208 600 1277 663; x_wconf 81' lang='grc' dir='ltr'><em>ἐστι</em></span> 
     </span>
     <span class='ocr_line' id='line_1_4' title="bbox 143 689 1275 793; baseline -0.006 -21"><span class='ocrx_word' id='word_1_26' title='bbox 143 699 463 793; x_wconf 78' lang='grc' dir='ltr'><em>ὅπεριηγησάμενος</em></span> <span class='ocrx_word' id='word_1_27' title='bbox 481 697 518 769; x_wconf 86' lang='grc' dir='ltr'>τό</span> <span class='ocrx_word' id='word_1_28' title='bbox 539 689 638 786; x_wconf 81' lang='grc' dir='ltr'><strong><em>οὖρος</em></strong></span> <span class='ocrx_word' id='word_1_29' title='bbox 658 695 742 767; x_wconf 86' lang='grc' dir='ltr'><em>κατά</em></span> <span class='ocrx_word' id='word_1_30' title='bbox 755 695 817 788; x_wconf 81' lang='grc' dir='ltr'><strong>τὴν</strong></span> <span class='ocrx_word' id='word_1_31' title='bbox 835 693 1002 784; x_wconf 79' lang='grc' dir='ltr'><em>άτρατιόν,</em></span> <span class='ocrx_word' id='word_1_32' title='bbox 1027 703 1147 768; x_wconf 82' lang='grc' dir='ltr'><em>τοῦτον</em></span> <span class='ocrx_word' id='word_1_33' title='bbox 1166 709 1275 766; x_wconf 78' lang='grc' dir='ltr'><em>αἴτιον</em></span> 
     </span>
     <span class='ocr_line' id='line_1_5' title="bbox 142 797 1340 896; baseline -0.006 -20"><span class='ocrx_word' id='word_1_34' title='bbox 142 807 272 896; x_wconf 94' lang='grc' dir='ltr'><em>γράφω.</em></span> <span class='ocrx_word' id='word_1_35' title='bbox 322 807 445 892; x_wconf 76' lang='grc' dir='ltr'><em>Ξέρξης</em></span> <span class='ocrx_word' id='word_1_36' title='bbox 475 803 527 888; x_wconf 76' lang='lat' dir='ltr'><strong>il,</strong></span> <span class='ocrx_word' id='word_1_37' title='bbox 556 806 632 872; x_wconf 81' lang='grc' dir='ltr'><em>ἐκεί</em></span> <span class='ocrx_word' id='word_1_38' title='bbox 648 807 683 871; x_wconf 78' lang='grc' dir='ltr'><strong>οἱ</strong></span> <span class='ocrx_word' id='word_1_39' title='bbox 697 799 798 892; x_wconf 71' lang='grc' dir='ltr'><em>ἤρεσε</em></span> <span class='ocrx_word' id='word_1_40' title='bbox 818 799 859 870; x_wconf 84' lang='grc' dir='ltr'><strong>τά</strong></span> <span class='ocrx_word' id='word_1_41' title='bbox 878 798 1039 890; x_wconf 79' lang='grc' dir='ltr'><em>ὑπέσχετο</em></span> <span class='ocrx_word' id='word_1_42' title='bbox 1058 797 1077 872; x_wconf 82' lang='grc' dir='ltr'><strong><em>ὁ</em></strong></span> <span class='ocrx_word' id='word_1_43' title='bbox 1102 799 1340 891; x_wconf 73' lang='grc' dir='ltr'><em>Ἐαιάλτης215</em></span> 
     </span>
     <span class='ocr_line' id='line_1_6' title="bbox 141 901 1272 999; baseline -0.007 -18"><span class='ocrx_word' id='word_1_44' title='bbox 141 909 424 999; x_wconf 82' lang='grc' dir='ltr'><em>κατεργάσεσθαι,</em></span> <span class='ocrx_word' id='word_1_45' title='bbox 439 903 560 998; x_wconf 77' lang='grc' dir='ltr'><em>αὐτίκα</em></span> <span class='ocrx_word' id='word_1_46' title='bbox 573 905 753 995; x_wconf 76' lang='grc' dir='ltr'><em>περιχαρὴς</em></span> <span class='ocrx_word' id='word_1_47' title='bbox 767 905 946 994; x_wconf 87' lang='grc' dir='ltr'><em>γενόμενος</em></span> <span class='ocrx_word' id='word_1_48' title='bbox 963 911 1089 994; x_wconf 77' lang='grc' dir='ltr'><em>ἔπεμπε</em></span> <span class='ocrx_word' id='word_1_49' title='bbox 1100 901 1272 994; x_wconf 67' lang='grc' dir='ltr'><em>Ὑδάρνεα,</em></span> 
     </span>
     <span class='ocr_line' id='line_1_7' title="bbox 141 1005 1274 1104; baseline -0.006 -19"><span class='ocrx_word' id='word_1_50' title='bbox 141 1017 196 1085; x_wconf 81' lang='grc' dir='ltr'><em>καὶ</em></span> <span class='ocrx_word' id='word_1_51' title='bbox 216 1020 284 1084; x_wconf 73' lang='grc' dir='ltr'><em>τοῖν</em></span> <span class='ocrx_word' id='word_1_52' title='bbox 304 1012 501 1104; x_wconf 77' lang='grc' dir='ltr'><em>ἐστρατήγεε</em></span> <span class='ocrx_word' id='word_1_53' title='bbox 515 1006 686 1098; x_wconf 72' lang='grc' dir='ltr'><em>Ὑδάρνης.</em></span> <span class='ocrx_word' id='word_1_54' title='bbox 721 1005 870 1099; x_wconf 76' lang='grc' dir='ltr'><em>ὁρμέατο</em></span> <span class='ocrx_word' id='word_1_55' title='bbox 892 1011 928 1078; x_wconf 78' lang='lat' dir='ltr'><strong>it</strong></span> <span class='ocrx_word' id='word_1_56' title='bbox 943 1011 1020 1100; x_wconf 81' lang='grc' dir='ltr'><em>περὶ</em></span> <span class='ocrx_word' id='word_1_57' title='bbox 1040 1010 1173 1098; x_wconf 77' lang='grc' dir='ltr'><strong><em>λύχνων</em></strong></span> <span class='ocrx_word' id='word_1_58' title='bbox 1187 1007 1274 1100; x_wconf 82' lang='grc' dir='ltr'><em>ἁφὰς</em></span> 
     </span>
     <span class='ocr_line' id='line_1_8' title="bbox 140 1109 1277 1206; baseline -0.004 -19"><span class='ocrx_word' id='word_1_59' title='bbox 140 1121 177 1188; x_wconf 83' lang='grc' dir='ltr'><strong>ἐκ</strong></span> <span class='ocrx_word' id='word_1_60' title='bbox 193 1123 255 1187; x_wconf 80' lang='grc' dir='ltr'><strong>τοῦ</strong></span> <span class='ocrx_word' id='word_1_61' title='bbox 272 1119 511 1206; x_wconf 80' lang='grc' dir='ltr'><em>στρατοπέδου.</em></span> <span class='ocrx_word' id='word_1_62' title='bbox 561 1114 629 1201; x_wconf 79' lang='grc' dir='ltr'><strong>Τὴν</strong></span> <span class='ocrx_word' id='word_1_63' title='bbox 650 1113 687 1182; x_wconf 72' lang='lat' dir='ltr'><strong>it</strong></span> <span class='ocrx_word' id='word_1_64' title='bbox 707 1109 857 1199; x_wconf 83' lang='grc' dir='ltr'><em>άτρααόν</em></span> <span class='ocrx_word' id='word_1_65' title='bbox 875 1109 1000 1202; x_wconf 77' lang='grc' dir='ltr'><em>ταύτην</em></span> <span class='ocrx_word' id='word_1_66' title='bbox 1014 1117 1150 1200; x_wconf 79' lang='grc' dir='ltr'><em>ἐξεῦρον</em></span> <span class='ocrx_word' id='word_1_67' title='bbox 1165 1114 1227 1203; x_wconf 70' lang='grc' dir='ltr'><strong>μὲν</strong></span> <span class='ocrx_word' id='word_1_68' title='bbox 1242 1119 1277 1183; x_wconf 83' lang='grc' dir='ltr'><strong>οἱ</strong></span> 
     </span>
     <span class='ocr_line' id='line_1_9' title="bbox 139 1217 1272 1311; baseline -0.004 -19"><span class='ocrx_word' id='word_1_69' title='bbox 139 1221 308 1311; x_wconf 75' lang='grc' dir='ltr'><em>ἐπιχώριοι</em></span> <span class='ocrx_word' id='word_1_70' title='bbox 326 1221 488 1310; x_wconf 78' lang='grc' dir='ltr'><em>Μηλιέες,</em></span> <span class='ocrx_word' id='word_1_71' title='bbox 504 1217 696 1307; x_wconf 83' lang='grc' dir='ltr'><em>ἐξευρόντες</em></span> <span class='ocrx_word' id='word_1_72' title='bbox 710 1217 748 1286; x_wconf 73' lang='lat' dir='ltr'><strong>il</strong></span> <span class='ocrx_word' id='word_1_73' title='bbox 762 1225 960 1286; x_wconf 75' lang='grc' dir='ltr'><em>Θεσσαλοῖσι</em></span> <span class='ocrx_word' id='word_1_74' title='bbox 975 1219 1204 1307; x_wconf 81' lang='grc' dir='ltr'><em>κατηγήσαντο</em></span> <span class='ocrx_word' id='word_1_75' title='bbox 1219 1219 1272 1287; x_wconf 78' lang='grc' dir='ltr'><strong>ἐπὶ</strong></span> 
     </span>
     <span class='ocr_line' id='line_1_10' title="bbox 139 1319 1270 1414; baseline -0.004 -18"><span class='ocrx_word' id='word_1_76' title='bbox 139 1328 276 1408; x_wconf 87' lang='grc' dir='ltr'><em>Φωκεάς</em></span> <span class='ocrx_word' id='word_1_77' title='bbox 296 1323 387 1414; x_wconf 86' lang='grc' dir='ltr'><em>τότε,</em></span> <span class='ocrx_word' id='word_1_78' title='bbox 410 1319 465 1394; x_wconf 80' lang='grc' dir='ltr'><em>ὅτε</em></span> <span class='ocrx_word' id='word_1_79' title='bbox 484 1327 518 1393; x_wconf 79' lang='grc' dir='ltr'><strong>οἱ</strong></span> <span class='ocrx_word' id='word_1_80' title='bbox 534 1323 683 1408; x_wconf 78' lang='grc' dir='ltr'><em>Φωκέες,</em></span> <span class='ocrx_word' id='word_1_81' title='bbox 712 1321 897 1411; x_wconf 87' lang='grc' dir='ltr'><em>φράξαντες</em></span> <span class='ocrx_word' id='word_1_82' title='bbox 918 1329 1021 1410; x_wconf 83' lang='grc' dir='ltr'><em>τείχει·</em></span> <span class='ocrx_word' id='word_1_83' title='bbox 1037 1320 1098 1412; x_wconf 79' lang='grc' dir='ltr'><strong>τὴν</strong></span> <span class='ocrx_word' id='word_1_84' title='bbox 1118 1319 1270 1412; x_wconf 75' lang='grc' dir='ltr'><em>ἐσβολὴν,</em></span> 
     </span>
    </p>
   </div>
   <div class='ocr_carea' id='block_1_3' title="bbox 126 1526 1270 4456">
    <p class='ocr_par' dir='ltr' id='par_1_3' title="bbox 126 1526 1270 4456">
     <span class='ocr_line' id='line_1_11' title="bbox 138 1526 1270 1594; baseline 0.001 -15"><span class='ocrx_word' id='word_1_85' title='bbox 138 1529 239 1580; x_wconf 81' lang='lat' dir='ltr'><strong>Noster</strong></span> <span class='ocrx_word' id='word_1_86' title='bbox 265 1528 370 1587; x_wconf 86' lang='lat' dir='ltr'><strong>reiicit,</strong></span> <span class='ocrx_word' id='word_1_87' title='bbox 398 1545 430 1579; x_wconf 88' lang='lat' dir='ltr'><strong>eo</strong></span> <span class='ocrx_word' id='word_1_88' title='bbox 458 1531 580 1592; x_wconf 77' lang='lat' dir='ltr'><strong>spectet,</strong></span> <span class='ocrx_word' id='word_1_89' title='bbox 605 1526 677 1592; x_wconf 88' lang='lat' dir='ltr'><strong>quod</strong></span> <span class='ocrx_word' id='word_1_90' title='bbox 726 1543 785 1590; x_wconf 83' lang='lat' dir='ltr'><strong>pum</strong></span> <span class='ocrx_word' id='word_1_91' title='bbox 802 1528 1008 1594; x_wconf 76' lang='lat' dir='ltr'><strong>lubereusfirruo</strong></span> <span class='ocrx_word' id='word_1_92' title='bbox 1030 1529 1138 1594; x_wconf 80' lang='lat' dir='ltr'><em>indeque</em></span> <span class='ocrx_word' id='word_1_93' title='bbox 1154 1529 1201 1580; x_wconf 84' lang='grc' dir='ltr'><em>Ιιοο</em></span> <span class='ocrx_word' id='word_1_94' title='bbox 1217 1533 1270 1580; x_wconf 83' lang='lat' dir='ltr'><strong>luco</strong></span> 
     </span>
     <span class='ocr_line' id='line_1_12' title="bbox 138 1595 867 1664; baseline 0.001 -16"><span class='ocrx_word' id='word_1_95' title='bbox 138 1603 305 1664; x_wconf 89' lang='lat' dir='ltr'><strong>compertum</strong></span> <span class='ocrx_word' id='word_1_96' title='bbox 328 1597 440 1656; x_wconf 83' lang='lat' dir='ltr'><strong>hebuit,</strong></span> <span class='ocrx_word' id='word_1_97' title='bbox 464 1597 620 1663; x_wconf 80' lang='lat' dir='ltr'>Ephialtem</span> <span class='ocrx_word' id='word_1_98' title='bbox 643 1595 677 1646; x_wconf 91' lang='lat' dir='ltr'><strong>ob</strong></span> <span class='ocrx_word' id='word_1_99' title='bbox 724 1600 867 1663; x_wconf 81' lang='lat' dir='ltr'><strong>perscribo.</strong></span> 
     </span>
     <span class='ocr_line' id='line_1_13' title="bbox 137 1666 679 1732; baseline 0 -16"><span class='ocrx_word' id='word_1_100' title='bbox 137 1667 208 1718; x_wconf 81' lang='lat' dir='ltr'><strong>hunc</strong></span> <span class='ocrx_word' id='word_1_101' title='bbox 221 1667 328 1732; x_wconf 75' lang='lat' dir='ltr'><strong>culpem</strong></span> <span class='ocrx_word' id='word_1_102' title='bbox 344 1683 366 1718; x_wconf 88' lang='lat' dir='ltr'><strong>s.</strong></span> <span class='ocrx_word' id='word_1_103' title='bbox 383 1669 416 1718; x_wconf 90' lang='lat' dir='ltr'><strong>ob</strong></span> <span class='ocrx_word' id='word_1_104' title='bbox 433 1666 484 1718; x_wconf 88' lang='lat' dir='ltr'><strong>hoc</strong></span> <span class='ocrx_word' id='word_1_105' title='bbox 501 1668 602 1717; x_wconf 89' lang='lat' dir='ltr'><strong>crimen</strong></span> <span class='ocrx_word' id='word_1_106' title='bbox 618 1681 679 1732; x_wconf 89' lang='lat' dir='ltr'><strong>pro-</strong></span> 
     </span>
     <span class='ocr_line' id='line_1_14' title="bbox 138 1735 1085 1824; baseline -0.002 -36"><span class='ocrx_word' id='word_1_107' title='bbox 138 1737 250 1788; x_wconf 75' lang='lat' dir='ltr'><strong>ditionis</strong></span> <span class='ocrx_word' id='word_1_108' title='bbox 265 1739 292 1786; x_wconf 89' lang='lat' dir='ltr'><strong>in</strong></span> <span class='ocrx_word' id='word_1_109' title='bbox 302 1735 426 1788; x_wconf 82' lang='lat' dir='ltr'><strong>exsilium</strong></span> <span class='ocrx_word' id='word_1_110' title='bbox 438 1737 594 1789; x_wconf 73' lang='lat' dir='ltr'><strong>abiimu-</strong></span> <span class='ocrx_word' id='word_1_111' title='bbox 611 1737 679 1786; x_wconf 82' lang='lat' dir='ltr'><strong>For·</strong></span> <span class='ocrx_word' id='word_1_112' title='bbox 904 1772 924 1822; x_wconf 68' lang='lat' dir='ltr'><strong>c</strong></span> <span class='ocrx_word' id='word_1_113' title='bbox 991 1772 1085 1824; x_wconf 66' lang='lat' dir='ltr'><strong>ccxv</strong></span> 
     </span>
     <span class='ocr_line' id='line_1_15' title="bbox 137 1789 1094 1872; baseline 0 -16"><span class='ocrx_word' id='word_1_114' title='bbox 137 1823 208 1856; x_wconf 84' lang='lat' dir='ltr'><strong>mum</strong></span> <span class='ocrx_word' id='word_1_115' title='bbox 222 1803 340 1868; x_wconf 79' lang='grc' dir='ltr'><em>οΙδαμεν</em></span> <span class='ocrx_word' id='word_1_116' title='bbox 354 1811 508 1872; x_wconf 81' lang='lat' dir='ltr'><strong>suspectum</strong></span> <span class='ocrx_word' id='word_1_117' title='bbox 521 1805 603 1858; x_wconf 87' lang='lat' dir='ltr'><strong>hebet</strong></span> <span class='ocrx_word' id='word_1_118' title='bbox 612 1807 679 1856; x_wconf 90' lang='lat' dir='ltr'><strong>Din·</strong></span> <span class='ocrx_word' id='word_1_119' title='bbox 927 1789 968 1822; x_wconf 60' lang='lat' dir='ltr'><strong>ff·</strong></span> <span class='ocrx_word' id='word_1_120' title='bbox 1089 1810 1094 1822; x_wconf 95' lang='lat'>&#39;</span> 
     </span>
     <span class='ocr_line' id='line_1_16' title="bbox 139 1865 1267 1941; baseline 0.002 -15"><span class='ocrx_word' id='word_1_121' title='bbox 139 1875 210 1936; x_wconf 86' lang='lat' dir='ltr'><strong>dqu.</strong></span> <span class='ocrx_word' id='word_1_122' title='bbox 230 1878 258 1926; x_wconf 88' lang='lat' dir='ltr'><strong>iu</strong></span> <span class='ocrx_word' id='word_1_123' title='bbox 275 1875 424 1926; x_wconf 84' lang='lat' dir='ltr'><strong>Comment.</strong></span> <span class='ocrx_word' id='word_1_124' title='bbox 445 1875 478 1926; x_wconf 90' lang='lat' dir='ltr'><strong>de</strong></span> <span class='ocrx_word' id='word_1_125' title='bbox 497 1875 562 1928; x_wconf 85' lang='lat' dir='ltr'><strong>diel.</strong></span> <span class='ocrx_word' id='word_1_126' title='bbox 576 1875 677 1926; x_wconf 83' lang='lat' dir='ltr'><strong>Herod.</strong></span> <span class='ocrx_word' id='word_1_127' title='bbox 761 1867 872 1937; x_wconf 63' lang='grc' dir='ltr'><strong><em>Ξέρξης</em></strong></span> <span class='ocrx_word' id='word_1_128' title='bbox 885 1869 926 1938; x_wconf 68' lang='grc' dir='ltr'><strong>δὲ,</strong></span> <span class='ocrx_word' id='word_1_129' title='bbox 943 1865 1007 1924; x_wconf 71' lang='grc' dir='ltr'><em>ἐπεί</em></span> <span class='ocrx_word' id='word_1_130' title='bbox 1018 1869 1047 1924; x_wconf 74' lang='grc' dir='ltr'><strong>αι’</strong></span> <span class='ocrx_word' id='word_1_131' title='bbox 1058 1865 1150 1941; x_wconf 83' lang='grc' dir='ltr'><em>ἤρεσε]</em></span> <span class='ocrx_word' id='word_1_132' title='bbox 1167 1875 1200 1926; x_wconf 91' lang='lat' dir='ltr'><strong>ln</strong></span> <span class='ocrx_word' id='word_1_133' title='bbox 1214 1892 1267 1928; x_wconf 90' lang='lat' dir='ltr'><strong>uno</strong></span> 
     </span>
     <span class='ocr_line' id='line_1_17' title="bbox 137 1941 1266 2011; baseline -0.004 -13"><span class='ocrx_word' id='word_1_134' title='bbox 137 1963 163 2011; x_wconf 90' lang='lat' dir='ltr'><strong>p.</strong></span> <span class='ocrx_word' id='word_1_135' title='bbox 178 1946 307 1998; x_wconf 82' lang='lat' dir='ltr'>XXXVII</span> <span class='ocrx_word' id='word_1_136' title='bbox 334 1951 361 1996; x_wconf 85' lang='lat' dir='ltr'><strong>et</strong></span> <span class='ocrx_word' id='word_1_137' title='bbox 379 1945 505 1997; x_wconf 87' lang='lat' dir='ltr'><strong>hocloco</strong></span> <span class='ocrx_word' id='word_1_138' title='bbox 525 1952 553 1997; x_wconf 87' lang='lat' dir='ltr'><strong>et</strong></span> <span class='ocrx_word' id='word_1_139' title='bbox 570 1945 614 2008; x_wconf 92' lang='lat'><strong>11,</strong></span> <span class='ocrx_word' id='word_1_140' title='bbox 636 1946 677 1996; x_wconf 83' lang='grc'><strong>11.</strong></span> <span class='ocrx_word' id='word_1_141' title='bbox 728 1943 865 1993; x_wconf 78' lang='lat' dir='ltr'><strong>Scncrolli</strong></span> <span class='ocrx_word' id='word_1_142' title='bbox 875 1943 944 1994; x_wconf 89' lang='lat' dir='ltr'><strong>libro</strong></span> <span class='ocrx_word' id='word_1_143' title='bbox 957 1946 1029 2010; x_wconf 87' lang='lat' dir='ltr'><strong>quod</strong></span> <span class='ocrx_word' id='word_1_144' title='bbox 1040 1945 1154 2010; x_wconf 83' lang='lat' dir='ltr'><strong>legitur:</strong></span> <span class='ocrx_word' id='word_1_145' title='bbox 1173 1941 1266 2011; x_wconf 78' lang='grc' dir='ltr'><em>Ξέρξῃ</em></span> 
     </span>
     <span class='ocr_line' id='line_1_18' title="bbox 137 2005 1268 2080; baseline 0 -14"><span class='ocrx_word' id='word_1_146' title='bbox 137 2015 250 2079; x_wconf 81' lang='lat' dir='ltr'><strong>1x‚60;</strong></span> <span class='ocrx_word' id='word_1_147' title='bbox 271 2015 334 2066; x_wconf 89' lang='lat' dir='ltr'><strong>iude</strong></span> <span class='ocrx_word' id='word_1_148' title='bbox 348 2016 377 2066; x_wconf 89' lang='lat' dir='ltr'><strong>in</strong></span> <span class='ocrx_word' id='word_1_149' title='bbox 390 2013 472 2080; x_wconf 67' lang='grc' dir='ltr'><em>ἴδμεν</em></span> <span class='ocrx_word' id='word_1_150' title='bbox 486 2015 588 2066; x_wconf 79' lang='lat' dir='ltr'><strong>mutari</strong></span> <span class='ocrx_word' id='word_1_151' title='bbox 601 2015 677 2066; x_wconf 84' lang='lat' dir='ltr'><strong>iubet</strong></span> <span class='ocrx_word' id='word_1_152' title='bbox 727 2005 774 2074; x_wconf 68' lang='grc' dir='ltr'><strong>δὲ,</strong></span> <span class='ocrx_word' id='word_1_153' title='bbox 790 2011 818 2062; x_wconf 83' lang='grc'><strong>16</strong></span> <span class='ocrx_word' id='word_1_154' title='bbox 832 2014 952 2078; x_wconf 77' lang='lat' dir='ltr'><strong>praefert</strong></span> <span class='ocrx_word' id='word_1_155' title='bbox 962 2015 1022 2063; x_wconf 82' lang='lat' dir='ltr'><strong>Eltz</strong></span> <span class='ocrx_word' id='word_1_156' title='bbox 1035 2014 1159 2079; x_wconf 86' lang='lat' dir='ltr'><strong>(Jehrbb.</strong></span> <span class='ocrx_word' id='word_1_157' title='bbox 1173 2015 1192 2068; x_wconf 86' lang='grc'><strong>1.</strong></span> <span class='ocrx_word' id='word_1_158' title='bbox 1203 2017 1268 2066; x_wconf 81' lang='lat' dir='ltr'><strong>Plri-</strong></span> 
     </span>
     <span class='ocr_line' id='line_1_19' title="bbox 138 2081 1265 2151; baseline 0.002 -15"><span class='ocrx_word' id='word_1_159' title='bbox 138 2085 240 2137; x_wconf 84' lang='lat' dir='ltr'><strong>Mehlsr</strong></span> <span class='ocrx_word' id='word_1_160' title='bbox 259 2086 286 2134; x_wconf 92' lang='lat' dir='ltr'><strong>iu</strong></span> <span class='ocrx_word' id='word_1_161' title='bbox 306 2087 474 2151; x_wconf 77' lang='lat' dir='ltr'><strong>Mnemosyn.</strong></span> <span class='ocrx_word' id='word_1_162' title='bbox 495 2087 527 2137; x_wconf 91' lang='lat' dir='ltr'><strong>V.</strong></span> <span class='ocrx_word' id='word_1_163' title='bbox 548 2101 613 2151; x_wconf 74' lang='lat' dir='ltr'><strong>psg.</strong></span> <span class='ocrx_word' id='word_1_164' title='bbox 631 2085 674 2136; x_wconf 86' lang='grc'><strong>67.</strong></span> <span class='ocrx_word' id='word_1_165' title='bbox 726 2081 808 2148; x_wconf 79' lang='lat' dir='ltr'>lolog.</span> <span class='ocrx_word' id='word_1_166' title='bbox 829 2099 854 2133; x_wconf 90' lang='lat' dir='ltr'><strong>u.</strong></span> <span class='ocrx_word' id='word_1_167' title='bbox 878 2083 998 2150; x_wconf 75' lang='lat' dir='ltr'><strong>Puedeg.</strong></span> <span class='ocrx_word' id='word_1_168' title='bbox 1017 2085 1112 2149; x_wconf 86' lang='lat' dir='ltr'>Suppl.</span> <span class='ocrx_word' id='word_1_169' title='bbox 1135 2084 1195 2136; x_wconf 89' lang='lat' dir='ltr'>Vol.</span> <span class='ocrx_word' id='word_1_170' title='bbox 1216 2086 1265 2138; x_wconf 87' lang='lat' dir='ltr'><strong>IX.</strong></span> 
     </span>
     <span class='ocr_line' id='line_1_20' title="bbox 137 2149 1269 2222; baseline -0.003 -16"><span class='ocrx_word' id='word_1_171' title='bbox 137 2155 269 2222; x_wconf 79' lang='lat' dir='ltr'><strong>Equidem</strong></span> <span class='ocrx_word' id='word_1_172' title='bbox 289 2155 359 2206; x_wconf 75' lang='lat' dir='ltr'><strong>melo</strong></span> <span class='ocrx_word' id='word_1_173' title='bbox 375 2155 537 2206; x_wconf 84' lang='lat' dir='ltr'><strong>Bredovium</strong></span> <span class='ocrx_word' id='word_1_174' title='bbox 556 2155 633 2221; x_wconf 86' lang='lat' dir='ltr'><strong>sequi</strong></span> <span class='ocrx_word' id='word_1_175' title='bbox 648 2169 674 2219; x_wconf 88' lang='lat' dir='ltr'><strong>p.</strong></span> <span class='ocrx_word' id='word_1_176' title='bbox 726 2168 752 2217; x_wconf 88' lang='lat' dir='ltr'><strong>p.</strong></span> <span class='ocrx_word' id='word_1_177' title='bbox 769 2152 846 2216; x_wconf 83' lang='lat'>123),</span> <span class='ocrx_word' id='word_1_178' title='bbox 867 2155 1025 2218; x_wconf 77' lang='lat' dir='ltr'><strong>praesertim</strong></span> <span class='ocrx_word' id='word_1_179' title='bbox 1047 2169 1107 2205; x_wconf 88' lang='lat' dir='ltr'><strong>cum</strong></span> <span class='ocrx_word' id='word_1_180' title='bbox 1122 2154 1221 2205; x_wconf 76' lang='lat' dir='ltr'><strong>rocula</strong></span> <span class='ocrx_word' id='word_1_181' title='bbox 1239 2149 1269 2204; x_wconf 77' lang='grc' dir='ltr'><strong>οἴ</strong></span> 
     </span>
     <span class='ocr_line' id='line_1_21' title="bbox 135 2222 1265 2290; baseline 0 -16"><span class='ocrx_word' id='word_1_182' title='bbox 135 2225 184 2276; x_wconf 90' lang='grc'><strong>411</strong></span> <span class='ocrx_word' id='word_1_183' title='bbox 213 2225 284 2274; x_wconf 86' lang='lat' dir='ltr'><strong>hunc</strong></span> <span class='ocrx_word' id='word_1_184' title='bbox 310 2225 423 2276; x_wconf 79' lang='lat' dir='ltr'><strong>formem</strong></span> <span class='ocrx_word' id='word_1_185' title='bbox 444 2227 581 2284; x_wconf 80' lang='lat' dir='ltr'><strong>Ionicum,</strong></span> <span class='ocrx_word' id='word_1_186' title='bbox 605 2239 676 2290; x_wconf 84' lang='lat' dir='ltr'><strong>quse</strong></span> <span class='ocrx_word' id='word_1_187' title='bbox 726 2222 876 2287; x_wconf 84' lang='lat' dir='ltr'><strong>upluribus</strong></span> <span class='ocrx_word' id='word_1_188' title='bbox 889 2223 968 2273; x_wconf 89' lang='lat' dir='ltr'><strong>codd.</strong></span> <span class='ocrx_word' id='word_1_189' title='bbox 981 2223 1063 2274; x_wconf 82' lang='lat' dir='ltr'><strong>absit.</strong></span> <span class='ocrx_word' id='word_1_190' title='bbox 1087 2224 1220 2290; x_wconf 82' lang='lat' dir='ltr'><strong>Equidem</strong></span> <span class='ocrx_word' id='word_1_191' title='bbox 1232 2225 1265 2274; x_wconf 89' lang='lat' dir='ltr'><strong>ob</strong></span> 
     </span>
     <span class='ocr_line' id='line_1_22' title="bbox 136 2287 1264 2359; baseline -0.002 -14"><span class='ocrx_word' id='word_1_192' title='bbox 136 2295 217 2345; x_wconf 80' lang='lat' dir='ltr'><strong>etium</strong></span> <span class='ocrx_word' id='word_1_193' title='bbox 232 2295 285 2357; x_wconf 90' lang='lat' dir='ltr'><strong>lV,</strong></span> <span class='ocrx_word' id='word_1_194' title='bbox 300 2295 334 2346; x_wconf 93' lang='grc'><strong>46</strong></span> <span class='ocrx_word' id='word_1_195' title='bbox 355 2295 493 2345; x_wconf 84' lang='lat' dir='ltr'><strong>invenitur</strong></span> <span class='ocrx_word' id='word_1_196' title='bbox 506 2299 534 2345; x_wconf 88' lang='lat' dir='ltr'><strong>et</strong></span> <span class='ocrx_word' id='word_1_197' title='bbox 548 2297 675 2359; x_wconf 83' lang='lat' dir='ltr'><strong>frequens</strong></span> <span class='ocrx_word' id='word_1_198' title='bbox 725 2293 807 2342; x_wconf 80' lang='lat' dir='ltr'><strong>verbu</strong></span> <span class='ocrx_word' id='word_1_199' title='bbox 824 2287 979 2357; x_wconf 76' lang='grc' dir='ltr'><em>περιχαρὴς</em></span> <span class='ocrx_word' id='word_1_200' title='bbox 994 2289 1145 2358; x_wconf 80' lang='grc' dir='ltr'><em>γενόμενος</em></span> <span class='ocrx_word' id='word_1_201' title='bbox 1159 2287 1264 2358; x_wconf 76' lang='grc' dir='ltr'><em>ἔπεμπε</em></span> 
     </span>
     <span class='ocr_line' id='line_1_23' title="bbox 135 2362 1264 2430; baseline 0 -16"><span class='ocrx_word' id='word_1_202' title='bbox 135 2379 241 2430; x_wconf 86' lang='lat' dir='ltr'><strong>quoque</strong></span> <span class='ocrx_word' id='word_1_203' title='bbox 268 2365 340 2428; x_wconf 76' lang='lat' dir='ltr'><strong>epurl</strong></span> <span class='ocrx_word' id='word_1_204' title='bbox 358 2365 552 2430; x_wconf 75' lang='lat' dir='ltr'>Hippocratem</span> <span class='ocrx_word' id='word_1_205' title='bbox 574 2368 674 2424; x_wconf 79' lang='lat' dir='ltr'><strong>exstet,</strong></span> <span class='ocrx_word' id='word_1_206' title='bbox 725 2362 861 2426; x_wconf 76' lang='lat' dir='ltr'><strong>vulgatum</strong></span> <span class='ocrx_word' id='word_1_207' title='bbox 872 2377 931 2413; x_wconf 89' lang='lat' dir='ltr'><strong>cum</strong></span> <span class='ocrx_word' id='word_1_208' title='bbox 943 2364 1066 2414; x_wconf 79' lang='lat' dir='ltr'><strong>omnibus</strong></span> <span class='ocrx_word' id='word_1_209' title='bbox 1077 2365 1137 2415; x_wconf 89' lang='lat' dir='ltr'><strong>edd.</strong></span> <span class='ocrx_word' id='word_1_210' title='bbox 1148 2365 1264 2414; x_wconf 85' lang='lat' dir='ltr'><strong>retinen-</strong></span> 
     </span>
     <span class='ocr_line' id='line_1_24' title="bbox 135 2449 1265 2570; baseline 0.001 -16"><span class='ocrx_word' id='word_1_211' title='bbox 135 2449 218 2562; x_wconf 65' lang='lat' dir='ltr'><strong>dddue</strong></span> <span class='ocrx_word' id='word_1_212' title='bbox 230 2505 282 2566; x_wconf 81' lang='lat' dir='ltr'>Ill,</span> <span class='ocrx_word' id='word_1_213' title='bbox 297 2505 330 2554; x_wconf 86' lang='lat'><strong>72</strong></span> <span class='ocrx_word' id='word_1_214' title='bbox 344 2509 372 2556; x_wconf 86' lang='lat' dir='ltr'><strong>et</strong></span> <span class='ocrx_word' id='word_1_215' title='bbox 386 2501 482 2552; x_wconf 75' lang='lat' dir='ltr'><strong>uiduus</strong></span> <span class='ocrx_word' id='word_1_216' title='bbox 496 2505 539 2568; x_wconf 90' lang='grc' dir='ltr'><strong>ΙΙ,</strong></span> <span class='ocrx_word' id='word_1_217' title='bbox 551 2504 584 2556; x_wconf 85' lang='grc'><strong>43</strong></span> <span class='ocrx_word' id='word_1_218' title='bbox 601 2503 676 2570; x_wconf 77' lang='lat' dir='ltr'><strong>legu—</strong></span> <span class='ocrx_word' id='word_1_219' title='bbox 760 2496 825 2564; x_wconf 68' lang='grc' dir='ltr'><em>περὶ</em></span> <span class='ocrx_word' id='word_1_220' title='bbox 838 2497 949 2566; x_wconf 71' lang='grc' dir='ltr'><em>λύχνων</em></span> <span class='ocrx_word' id='word_1_221' title='bbox 962 2495 1050 2567; x_wconf 81' lang='grc' dir='ltr'><em>ἁφάς]</em></span> <span class='ocrx_word' id='word_1_222' title='bbox 1070 2501 1154 2553; x_wconf 81' lang='lat' dir='ltr'><strong>Affert</strong></span> <span class='ocrx_word' id='word_1_223' title='bbox 1164 2503 1265 2555; x_wconf 83' lang='lat' dir='ltr'><strong>Suides</strong></span> 
     </span>
     <span class='ocr_line' id='line_1_25' title="bbox 133 2571 1264 2640; baseline 0 -16"><span class='ocrx_word' id='word_1_224' title='bbox 133 2579 192 2626; x_wconf 87' lang='lat' dir='ltr'><strong>tur:</strong></span> <span class='ocrx_word' id='word_1_225' title='bbox 225 2590 311 2639; x_wconf 86' lang='lat' dir='ltr'><strong>neque</strong></span> <span class='ocrx_word' id='word_1_226' title='bbox 333 2573 461 2640; x_wconf 87' lang='lat' dir='ltr'><strong>impedit,</strong></span> <span class='ocrx_word' id='word_1_227' title='bbox 487 2573 558 2640; x_wconf 89' lang='lat' dir='ltr'><strong>quod</strong></span> <span class='ocrx_word' id='word_1_228' title='bbox 586 2573 675 2624; x_wconf 81' lang='lat' dir='ltr'><strong>slters</strong></span> <span class='ocrx_word' id='word_1_229' title='bbox 725 2571 749 2620; x_wconf 89' lang='grc' dir='ltr'><strong>Ι.</strong></span> <span class='ocrx_word' id='word_1_230' title='bbox 769 2587 795 2636; x_wconf 85' lang='lat' dir='ltr'><strong>p.</strong></span> <span class='ocrx_word' id='word_1_231' title='bbox 814 2571 863 2623; x_wconf 84' lang='grc'><strong>661</strong></span> <span class='ocrx_word' id='word_1_232' title='bbox 884 2574 1003 2637; x_wconf 86' lang='lat' dir='ltr'><strong>itemque</strong></span> <span class='ocrx_word' id='word_1_233' title='bbox 1016 2572 1214 2622; x_wconf 80' lang='lat' dir='ltr'><strong>Grammaticus</strong></span> <span class='ocrx_word' id='word_1_234' title='bbox 1234 2575 1264 2624; x_wconf 88' lang='lat' dir='ltr'><strong>iu</strong></span> 
     </span>
     <span class='ocr_line' id='line_1_26' title="bbox 133 2641 1261 2710; baseline -0.002 -14"><span class='ocrx_word' id='word_1_235' title='bbox 133 2641 311 2708; x_wconf 77' lang='grc' dir='ltr'><em>Ιοεωεῖδμεν</em></span> <span class='ocrx_word' id='word_1_236' title='bbox 319 2643 490 2710; x_wconf 79' lang='lat' dir='ltr'><strong>frequentius</strong></span> <span class='ocrx_word' id='word_1_237' title='bbox 499 2645 594 2710; x_wconf 88' lang='lat' dir='ltr'><strong>utique</strong></span> <span class='ocrx_word' id='word_1_238' title='bbox 603 2645 675 2710; x_wconf 74' lang='lat' dir='ltr'><strong>apud</strong></span> <span class='ocrx_word' id='word_1_239' title='bbox 724 2641 890 2692; x_wconf 81' lang='lat' dir='ltr'><strong>Buchmsnn.</strong></span> <span class='ocrx_word' id='word_1_240' title='bbox 910 2642 1031 2693; x_wconf 81' lang='lat' dir='ltr'><strong>Anecdd.</strong></span> <span class='ocrx_word' id='word_1_241' title='bbox 1051 2643 1072 2692; x_wconf 93' lang='lat' dir='ltr'><strong>I.</strong></span> <span class='ocrx_word' id='word_1_242' title='bbox 1090 2657 1116 2707; x_wconf 93' lang='lat' dir='ltr'><strong>p.</strong></span> <span class='ocrx_word' id='word_1_243' title='bbox 1137 2643 1201 2703; x_wconf 91' lang='grc'><em>169,</em></span> <span class='ocrx_word' id='word_1_244' title='bbox 1219 2645 1261 2694; x_wconf 79' lang='grc'><strong>20.</strong></span> 
     </span>
     <span class='ocr_line' id='line_1_27' title="bbox 131 2710 1263 2782; baseline -0.004 -16"><span class='ocrx_word' id='word_1_245' title='bbox 131 2717 260 2766; x_wconf 89' lang='lat' dir='ltr'><strong>Nostrum</strong></span> <span class='ocrx_word' id='word_1_246' title='bbox 272 2716 405 2777; x_wconf 77' lang='lat' dir='ltr'><strong>occurrit,</strong></span> <span class='ocrx_word' id='word_1_247' title='bbox 419 2731 498 2781; x_wconf 89' lang='lat' dir='ltr'><strong>quem</strong></span> <span class='ocrx_word' id='word_1_248' title='bbox 511 2714 555 2764; x_wconf 86' lang='lat' dir='ltr'><strong>hic</strong></span> <span class='ocrx_word' id='word_1_249' title='bbox 566 2729 675 2782; x_wconf 83' lang='lat' dir='ltr'><strong>quoque</strong></span> <span class='ocrx_word' id='word_1_250' title='bbox 724 2710 865 2762; x_wconf 75' lang='lat' dir='ltr'><strong>ludicatur</strong></span> <span class='ocrx_word' id='word_1_251' title='bbox 875 2717 964 2762; x_wconf 88' lang='lat' dir='ltr'><strong>uutcm</strong></span> <span class='ocrx_word' id='word_1_252' title='bbox 974 2717 1052 2762; x_wconf 80' lang='lat' dir='ltr'><strong>noctis</strong></span> <span class='ocrx_word' id='word_1_253' title='bbox 1061 2715 1161 2776; x_wconf 84' lang='lat' dir='ltr'><strong>initiruu,</strong></span> <span class='ocrx_word' id='word_1_254' title='bbox 1174 2718 1204 2762; x_wconf 89' lang='lat' dir='ltr'><strong>ut</strong></span> <span class='ocrx_word' id='word_1_255' title='bbox 1214 2713 1263 2762; x_wconf 88' lang='lat' dir='ltr'><strong>du-</strong></span> 
     </span>
     <span class='ocr_line' id='line_1_28' title="bbox 131 2781 1263 2850; baseline -0.003 -14"><span class='ocrx_word' id='word_1_256' title='bbox 131 2786 246 2850; x_wconf 74' lang='lat' dir='ltr'><strong>utrique</strong></span> <span class='ocrx_word' id='word_1_257' title='bbox 257 2785 345 2836; x_wconf 77' lang='lat' dir='ltr'><strong>iormd</strong></span> <span class='ocrx_word' id='word_1_258' title='bbox 356 2799 434 2836; x_wconf 86' lang='lat' dir='ltr'><strong>usum</strong></span> <span class='ocrx_word' id='word_1_259' title='bbox 452 2801 510 2834; x_wconf 87' lang='lat' dir='ltr'><strong>esse</strong></span> <span class='ocrx_word' id='word_1_260' title='bbox 525 2783 615 2835; x_wconf 89' lang='lat' dir='ltr'><strong>credo.</strong></span> <span class='ocrx_word' id='word_1_261' title='bbox 725 2781 788 2831; x_wconf 86' lang='lat' dir='ltr'><strong>dum</strong></span> <span class='ocrx_word' id='word_1_262' title='bbox 801 2782 907 2832; x_wconf 87' lang='lat' dir='ltr'><strong>monuit</strong></span> <span class='ocrx_word' id='word_1_263' title='bbox 917 2781 1048 2834; x_wconf 77' lang='lat' dir='ltr'><strong>Valcken.</strong></span> <span class='ocrx_word' id='word_1_264' title='bbox 1058 2819 1064 2845; x_wconf 85' lang='lat'>‚</span> <span class='ocrx_word' id='word_1_265' title='bbox 1076 2783 1165 2832; x_wconf 83' lang='lat' dir='ltr'><strong>citsue</strong></span> <span class='ocrx_word' id='word_1_266' title='bbox 1173 2782 1263 2833; x_wconf 89' lang='lat' dir='ltr'><strong>Philo-</strong></span> 
     </span>
     <span class='ocr_line' id='line_1_29' title="bbox 166 2844 1261 2921; baseline 0 -19"><span class='ocrx_word' id='word_1_267' title='bbox 166 2849 218 2903; x_wconf 85' lang='grc' dir='ltr'><em>καΙ</em></span> <span class='ocrx_word' id='word_1_268' title='bbox 232 2844 287 2902; x_wconf 71' lang='grc' dir='ltr'><strong>ἐάν</strong></span> <span class='ocrx_word' id='word_1_269' title='bbox 309 2847 347 2919; x_wconf 85' lang='grc' dir='ltr'><strong>μὴ</strong></span> <span class='ocrx_word' id='word_1_270' title='bbox 365 2847 505 2919; x_wconf 73' lang='grc' dir='ltr'><em>Μηλιεύς]</em></span> <span class='ocrx_word' id='word_1_271' title='bbox 526 2857 544 2907; x_wconf 90' lang='lat' dir='ltr'><strong>i.</strong></span> <span class='ocrx_word' id='word_1_272' title='bbox 559 2869 582 2904; x_wconf 89' lang='lat' dir='ltr'><strong>e.</strong></span> <span class='ocrx_word' id='word_1_273' title='bbox 596 2869 674 2921; x_wconf 85' lang='lat' dir='ltr'><strong>quun·</strong></span> <span class='ocrx_word' id='word_1_274' title='bbox 725 2857 803 2903; x_wconf 76' lang='lat' dir='ltr'><strong>stret.</strong></span> <span class='ocrx_word' id='word_1_275' title='bbox 822 2853 879 2904; x_wconf 85' lang='lat' dir='ltr'><strong>vit.</strong></span> <span class='ocrx_word' id='word_1_276' title='bbox 898 2851 986 2918; x_wconf 80' lang='lat' dir='ltr'>Apoll.</span> <span class='ocrx_word' id='word_1_277' title='bbox 999 2851 1060 2902; x_wconf 92' lang='lat' dir='ltr'>v11.</span> <span class='ocrx_word' id='word_1_278' title='bbox 1082 2854 1130 2916; x_wconf 85' lang='grc'><strong>16,</strong></span> <span class='ocrx_word' id='word_1_279' title='bbox 1147 2852 1261 2907; x_wconf 84' lang='lat' dir='ltr'><strong>Diodor.</strong></span> 
     </span>
     <span class='ocr_line' id='line_1_30' title="bbox 132 2921 1261 2988; baseline -0.001 -15"><span class='ocrx_word' id='word_1_280' title='bbox 132 2927 217 2974; x_wconf 83' lang='lat' dir='ltr'><strong>tumuis</strong></span> <span class='ocrx_word' id='word_1_281' title='bbox 234 2939 284 2973; x_wconf 85' lang='lat' dir='ltr'><strong>nou</strong></span> <span class='ocrx_word' id='word_1_282' title='bbox 298 2931 364 2973; x_wconf 79' lang='lat' dir='ltr'><strong>esset</strong></span> <span class='ocrx_word' id='word_1_283' title='bbox 378 2925 525 2984; x_wconf 82' lang='lat' dir='ltr'><strong>Muliemie,</strong></span> <span class='ocrx_word' id='word_1_284' title='bbox 546 2923 593 2974; x_wconf 88' lang='lat' dir='ltr'><strong>ubi</strong></span> <span class='ocrx_word' id='word_1_285' title='bbox 610 2923 674 2976; x_wconf 84' lang='lat' dir='ltr'><strong>Vel·</strong></span> <span class='ocrx_word' id='word_1_286' title='bbox 724 2922 801 2979; x_wconf 85' lang='lat' dir='ltr'>XIX,</span> <span class='ocrx_word' id='word_1_287' title='bbox 815 2921 846 2973; x_wconf 85' lang='grc'><strong>31</strong></span> <span class='ocrx_word' id='word_1_288' title='bbox 867 2922 934 2987; x_wconf 91' lang='lat' dir='ltr'><strong>ibiq.</strong></span> <span class='ocrx_word' id='word_1_289' title='bbox 952 2921 1114 2988; x_wconf 77' lang='lat' dir='ltr'><strong>wesseling.</strong></span> <span class='ocrx_word' id='word_1_290' title='bbox 1137 2922 1197 2972; x_wconf 87' lang='lat' dir='ltr'><strong>coll.</strong></span> <span class='ocrx_word' id='word_1_291' title='bbox 1211 2925 1261 2974; x_wconf 85' lang='lat' dir='ltr'><strong>So-</strong></span> 
     </span>
     <span class='ocr_line' id='line_1_31' title="bbox 131 2991 1258 3058; baseline 0.004 -17"><span class='ocrx_word' id='word_1_292' title='bbox 131 2993 242 3042; x_wconf 78' lang='lat' dir='ltr'><strong>clreusr.</strong></span> <span class='ocrx_word' id='word_1_293' title='bbox 263 2994 333 3042; x_wconf 73' lang='lat' dir='ltr'><strong>citet</strong></span> <span class='ocrx_word' id='word_1_294' title='bbox 352 2993 454 3043; x_wconf 83' lang='lat' dir='ltr'><strong>Herod.</strong></span> <span class='ocrx_word' id='word_1_295' title='bbox 474 2993 528 3058; x_wconf 92' lang='lat' dir='ltr'><strong>IV,</strong></span> <span class='ocrx_word' id='word_1_296' title='bbox 546 2993 603 3044; x_wconf 88' lang='grc'><strong>144.</strong></span> <span class='ocrx_word' id='word_1_297' title='bbox 623 2995 673 3056; x_wconf 81' lang='lat' dir='ltr'><strong>VI,</strong></span> <span class='ocrx_word' id='word_1_298' title='bbox 724 2991 811 3057; x_wconf 90' lang='lat' dir='ltr'><strong>phocl.</strong></span> <span class='ocrx_word' id='word_1_299' title='bbox 826 2991 902 3046; x_wconf 78' lang='lat' dir='ltr'><strong>Aiuc.</strong></span> <span class='ocrx_word' id='word_1_300' title='bbox 914 2992 981 3055; x_wconf 81' lang='lat'><strong>285,</strong></span> <span class='ocrx_word' id='word_1_301' title='bbox 1004 2993 1050 3042; x_wconf 88' lang='lat' dir='ltr'><strong>ubi</strong></span> <span class='ocrx_word' id='word_1_302' title='bbox 1068 2992 1123 3043; x_wconf 84' lang='lat' dir='ltr'><strong>vid.</strong></span> <span class='ocrx_word' id='word_1_303' title='bbox 1139 2993 1258 3046; x_wconf 87' lang='lat' dir='ltr'><strong>Lobeck.</strong></span> 
     </span>
     <span class='ocr_line' id='line_1_32' title="bbox 132 3060 1260 3128; baseline 0.002 -16"><span class='ocrx_word' id='word_1_304' title='bbox 132 3063 174 3112; x_wconf 89' lang='grc'><strong>66.</strong></span> <span class='ocrx_word' id='word_1_305' title='bbox 202 3061 257 3111; x_wconf 91' lang='lat' dir='ltr'><strong>Ubi</strong></span> <span class='ocrx_word' id='word_1_306' title='bbox 268 3061 392 3112; x_wconf 86' lang='lat' dir='ltr'><strong>conulto</strong></span> <span class='ocrx_word' id='word_1_307' title='bbox 405 3063 505 3113; x_wconf 85' lang='lat' dir='ltr'><strong>Noster</strong></span> <span class='ocrx_word' id='word_1_308' title='bbox 525 3063 672 3128; x_wconf 79' lang='lat' dir='ltr'><strong>participio</strong></span> <span class='ocrx_word' id='word_1_309' title='bbox 723 3078 787 3128; x_wconf 79' lang='lat' dir='ltr'><strong>psg.</strong></span> <span class='ocrx_word' id='word_1_310' title='bbox 806 3061 866 3113; x_wconf 76' lang='grc'>266.</span> <span class='ocrx_word' id='word_1_311' title='bbox 907 3061 990 3113; x_wconf 86' lang='lat' dir='ltr'><strong>Hisce</strong></span> <span class='ocrx_word' id='word_1_312' title='bbox 1008 3060 1184 3126; x_wconf 75' lang='grc' dir='ltr'><em>λυχναψίαν,</em></span> <span class='ocrx_word' id='word_1_313' title='bbox 1206 3079 1260 3114; x_wconf 89' lang='lat' dir='ltr'><strong>uuo</strong></span> 
     </span>
     <span class='ocr_line' id='line_1_33' title="bbox 132 3123 1259 3197; baseline 0.004 -19"><span class='ocrx_word' id='word_1_314' title='bbox 132 3129 259 3180; x_wconf 76' lang='lat' dir='ltr'><strong>adiunxit</strong></span> <span class='ocrx_word' id='word_1_315' title='bbox 274 3123 330 3194; x_wconf 81' lang='grc' dir='ltr'><em>μή,</em></span> <span class='ocrx_word' id='word_1_316' title='bbox 358 3145 444 3195; x_wconf 89' lang='lat' dir='ltr'><strong>neque</strong></span> <span class='ocrx_word' id='word_1_317' title='bbox 463 3124 513 3192; x_wconf 73' lang='grc' dir='ltr'><strong>οὖς</strong></span> <span class='ocrx_word' id='word_1_318' title='bbox 541 3132 673 3183; x_wconf 75' lang='lat' dir='ltr'><strong>ulmodo</strong></span> <span class='ocrx_word' id='word_1_319' title='bbox 722 3131 873 3194; x_wconf 68' lang='lat' dir='ltr'><strong>recubum,</strong></span> <span class='ocrx_word' id='word_1_320' title='bbox 895 3147 927 3181; x_wconf 82' lang='lat' dir='ltr'><strong>ex</strong></span> <span class='ocrx_word' id='word_1_321' title='bbox 943 3131 1041 3182; x_wconf 79' lang='lat' dir='ltr'><strong>Athen.</strong></span> <span class='ocrx_word' id='word_1_322' title='bbox 1056 3133 1115 3185; x_wconf 86' lang='lat' dir='ltr'><strong>XV.</strong></span> <span class='ocrx_word' id='word_1_323' title='bbox 1130 3149 1155 3197; x_wconf 89' lang='lat' dir='ltr'><strong>p.</strong></span> <span class='ocrx_word' id='word_1_324' title='bbox 1171 3133 1259 3184; x_wconf 77' lang='lat'><strong>7023.</strong></span> 
     </span>
     <span class='ocr_line' id='line_1_34' title="bbox 132 3199 1260 3266; baseline 0.004 -17"><span class='ocrx_word' id='word_1_325' title='bbox 132 3199 259 3250; x_wconf 86' lang='lat' dir='ltr'><strong>Kuehner</strong></span> <span class='ocrx_word' id='word_1_326' title='bbox 272 3201 317 3248; x_wconf 82' lang='lat' dir='ltr'><strong>Gr.</strong></span> <span class='ocrx_word' id='word_1_327' title='bbox 332 3199 377 3248; x_wconf 82' lang='lat' dir='ltr'><strong>Gr.</strong></span> <span class='ocrx_word' id='word_1_328' title='bbox 395 3203 419 3262; x_wconf 73' lang='lat'><strong>5.</strong></span> <span class='ocrx_word' id='word_1_329' title='bbox 434 3199 494 3250; x_wconf 80' lang='lat'><strong>715.</strong></span> <span class='ocrx_word' id='word_1_330' title='bbox 532 3201 673 3253; x_wconf 81' lang='lat' dir='ltr'><strong>Adroces</strong></span> <span class='ocrx_word' id='word_1_331' title='bbox 723 3201 960 3266; x_wconf 80' lang='lat' dir='ltr'><strong>stlditSclrweigh.</strong></span> <span class='ocrx_word' id='word_1_332' title='bbox 992 3207 1031 3252; x_wconf 80' lang='lat' dir='ltr'><strong>Ac</strong></span> <span class='ocrx_word' id='word_1_333' title='bbox 1051 3203 1119 3252; x_wconf 83' lang='lat' dir='ltr'><strong>scite</strong></span> <span class='ocrx_word' id='word_1_334' title='bbox 1133 3203 1260 3254; x_wconf 80' lang='lat' dir='ltr'><strong>observe-</strong></span> 
     </span>
     <span class='ocr_line' id='line_1_35' title="bbox 132 3261 1259 3338; baseline 0.006 -21"><span class='ocrx_word' id='word_1_335' title='bbox 132 3261 281 3332; x_wconf 71' lang='grc' dir='ltr'><strong>ὡμιληκώς</strong></span> <span class='ocrx_word' id='word_1_336' title='bbox 293 3265 337 3330; x_wconf 79' lang='grc' dir='ltr'><em>εἴη</em></span> <span class='ocrx_word' id='word_1_337' title='bbox 352 3269 424 3318; x_wconf 80' lang='lat' dir='ltr'><strong>cous.</strong></span> <span class='ocrx_word' id='word_1_338' title='bbox 435 3269 498 3330; x_wconf 90' lang='lat' dir='ltr'>Vll,</span> <span class='ocrx_word' id='word_1_339' title='bbox 512 3269 553 3320; x_wconf 82' lang='grc'><strong>26.</strong></span> <span class='ocrx_word' id='word_1_340' title='bbox 583 3270 673 3321; x_wconf 73' lang='lat' dir='ltr'><strong>Verba</strong></span> <span class='ocrx_word' id='word_1_341' title='bbox 721 3271 761 3320; x_wconf 87' lang='lat' dir='ltr'><strong>vit</strong></span> <span class='ocrx_word' id='word_1_342' title='bbox 772 3271 869 3322; x_wconf 80' lang='lat' dir='ltr'><strong>Ulrcrt.</strong></span> <span class='ocrx_word' id='word_1_343' title='bbox 880 3270 988 3335; x_wconf 78' lang='lat' dir='ltr'><strong>(Geogr.</strong></span> <span class='ocrx_word' id='word_1_344' title='bbox 1000 3273 1025 3320; x_wconf 90' lang='lat' dir='ltr'><strong>d.</strong></span> <span class='ocrx_word' id='word_1_345' title='bbox 1036 3271 1080 3321; x_wconf 84' lang='lat' dir='ltr'><strong>Gr.</strong></span> <span class='ocrx_word' id='word_1_346' title='bbox 1095 3272 1117 3333; x_wconf 92' lang='grc' dir='ltr'><em>Ι,</em></span> <span class='ocrx_word' id='word_1_347' title='bbox 1128 3273 1152 3322; x_wconf 83' lang='grc'><strong>2.</strong></span> <span class='ocrx_word' id='word_1_348' title='bbox 1162 3289 1188 3338; x_wconf 88' lang='lat' dir='ltr'><strong>p.</strong></span> <span class='ocrx_word' id='word_1_349' title='bbox 1198 3273 1259 3338; x_wconf 83' lang='grc'><strong>156)</strong></span> 
     </span>
     <span class='ocr_line' id='line_1_36' title="bbox 132 3335 1260 3407; baseline 0.004 -19"><span class='ocrx_word' id='word_1_350' title='bbox 132 3340 159 3388; x_wconf 90' lang='lat' dir='ltr'><strong>iu</strong></span> <span class='ocrx_word' id='word_1_351' title='bbox 177 3339 230 3389; x_wconf 87' lang='lat' dir='ltr'><strong>lius</strong></span> <span class='ocrx_word' id='word_1_352' title='bbox 245 3339 346 3402; x_wconf 82' lang='lat' dir='ltr'><strong>cupitis</strong></span> <span class='ocrx_word' id='word_1_353' title='bbox 364 3339 452 3402; x_wconf 79' lang='lat' dir='ltr'><strong>positu</strong></span> <span class='ocrx_word' id='word_1_354' title='bbox 465 3335 567 3387; x_wconf 80' lang='grc' dir='ltr'><em>τοῦτον</em></span> <span class='ocrx_word' id='word_1_355' title='bbox 581 3337 674 3388; x_wconf 73' lang='grc' dir='ltr'><em>αἴτιον</em></span> <span class='ocrx_word' id='word_1_356' title='bbox 723 3355 755 3389; x_wconf 83' lang='lat' dir='ltr'><strong>ex</strong></span> <span class='ocrx_word' id='word_1_357' title='bbox 768 3339 810 3390; x_wconf 91' lang='lat' dir='ltr'><strong>his</strong></span> <span class='ocrx_word' id='word_1_358' title='bbox 823 3339 1006 3390; x_wconf 88' lang='lat' dir='ltr'><strong>locutionibus</strong></span> <span class='ocrx_word' id='word_1_359' title='bbox 1019 3340 1205 3407; x_wconf 77' lang='lat' dir='ltr'><strong>similibusque</strong></span> <span class='ocrx_word' id='word_1_360' title='bbox 1218 3360 1260 3394; x_wconf 85' lang='lat' dir='ltr'><strong>ss-</strong></span> 
     </span>
     <span class='ocr_line' id='line_1_37' title="bbox 128 3403 1259 3542; baseline 0.004 -14"><span class='ocrx_word' id='word_1_361' title='bbox 128 3403 673 3542; x_wconf 51' lang='grc'><strong>1311611666-,1416311163</strong></span> <span class='ocrx_word' id='word_1_362' title='bbox 722 3407 901 3530; x_wconf 59' lang='grc' dir='ltr'><strong>11166ἕῖ61</strong></span> <span class='ocrx_word' id='word_1_363' title='bbox 914 3425 1259 3533; x_wconf 62' lang='lat' dir='ltr'><strong>{titulllttltl</strong></span> 
     </span>
     <span class='ocr_line' id='line_1_38' title="bbox 130 3547 1259 3615; baseline 0.004 -17"><span class='ocrx_word' id='word_1_364' title='bbox 130 3549 194 3614; x_wconf 89' lang='lat' dir='ltr'><strong>(hoc</strong></span> <span class='ocrx_word' id='word_1_365' title='bbox 205 3551 233 3600; x_wconf 87' lang='lat' dir='ltr'><strong>in</strong></span> <span class='ocrx_word' id='word_1_366' title='bbox 250 3547 353 3613; x_wconf 88' lang='lat' dir='ltr'><strong>opere).</strong></span> <span class='ocrx_word' id='word_1_367' title='bbox 387 3549 498 3610; x_wconf 82' lang='lat' dir='ltr'><strong>Moneo,</strong></span> <span class='ocrx_word' id='word_1_368' title='bbox 521 3549 674 3613; x_wconf 78' lang='lat' dir='ltr'><strong>quodllsr-</strong></span> <span class='ocrx_word' id='word_1_369' title='bbox 721 3563 771 3613; x_wconf 93' lang='lat' dir='ltr'><strong>pus</strong></span> <span class='ocrx_word' id='word_1_370' title='bbox 794 3549 882 3598; x_wconf 86' lang='lat' dir='ltr'><strong>metiri</strong></span> <span class='ocrx_word' id='word_1_371' title='bbox 905 3553 933 3599; x_wconf 86' lang='lat' dir='ltr'><strong>et</strong></span> <span class='ocrx_word' id='word_1_372' title='bbox 960 3548 1081 3601; x_wconf 86' lang='lat' dir='ltr'><strong>indicere</strong></span> <span class='ocrx_word' id='word_1_373' title='bbox 1103 3552 1259 3615; x_wconf 80' lang='lat' dir='ltr'><strong>didicerint,</strong></span> 
     </span>
     <span class='ocr_line' id='line_1_39' title="bbox 129 3618 1259 3686; baseline 0.004 -18"><span class='ocrx_word' id='word_1_374' title='bbox 129 3625 191 3670; x_wconf 88' lang='lat' dir='ltr'><strong>sten</strong></span> <span class='ocrx_word' id='word_1_375' title='bbox 204 3620 232 3670; x_wconf 87' lang='lat' dir='ltr'><strong>iu</strong></span> <span class='ocrx_word' id='word_1_376' title='bbox 244 3619 407 3670; x_wconf 86' lang='lat' dir='ltr'><strong>Commeutt.</strong></span> <span class='ocrx_word' id='word_1_377' title='bbox 420 3618 453 3667; x_wconf 83' lang='lat' dir='ltr'><strong>sd</strong></span> <span class='ocrx_word' id='word_1_378' title='bbox 465 3618 673 3684; x_wconf 77' lang='lat' dir='ltr'><strong>Aeschylillge·</strong></span> <span class='ocrx_word' id='word_1_379' title='bbox 721 3634 780 3668; x_wconf 89' lang='lat' dir='ltr'><strong>cum</strong></span> <span class='ocrx_word' id='word_1_380' title='bbox 798 3619 886 3684; x_wconf 90' lang='lat' dir='ltr'><strong>prisco</strong></span> <span class='ocrx_word' id='word_1_381' title='bbox 900 3635 973 3669; x_wconf 86' lang='lat' dir='ltr'><strong>more</strong></span> <span class='ocrx_word' id='word_1_382' title='bbox 986 3625 1092 3686; x_wconf 85' lang='lat' dir='ltr'><strong>tempus</strong></span> <span class='ocrx_word' id='word_1_383' title='bbox 1105 3621 1139 3671; x_wconf 80' lang='lat' dir='ltr'><strong>ad</strong></span> <span class='ocrx_word' id='word_1_384' title='bbox 1151 3623 1216 3672; x_wconf 86' lang='lat' dir='ltr'><strong>eolis</strong></span> <span class='ocrx_word' id='word_1_385' title='bbox 1230 3627 1259 3672; x_wconf 86' lang='lat' dir='ltr'><strong>et</strong></span> 
     </span>
     <span class='ocr_line' id='line_1_40' title="bbox 130 3679 1077 3752; baseline 0 -14"><span class='ocrx_word' id='word_1_386' title='bbox 130 3705 226 3739; x_wconf 87' lang='lat' dir='ltr'><strong>memn.</strong></span> <span class='ocrx_word' id='word_1_387' title='bbox 243 3703 306 3752; x_wconf 74' lang='lat' dir='ltr'>pag.</span> <span class='ocrx_word' id='word_1_388' title='bbox 324 3687 374 3738; x_wconf 80' lang='lat'><strong>217</strong></span> <span class='ocrx_word' id='word_1_389' title='bbox 392 3679 492 3751; x_wconf 87' lang='grc' dir='ltr'><em>γράφω</em></span> <span class='ocrx_word' id='word_1_390' title='bbox 505 3689 582 3738; x_wconf 88' lang='lat' dir='ltr'><strong>reddi</strong></span> <span class='ocrx_word' id='word_1_391' title='bbox 595 3687 670 3738; x_wconf 85' lang='lat' dir='ltr'><strong>vult:</strong></span> <span class='ocrx_word' id='word_1_392' title='bbox 720 3688 790 3739; x_wconf 73' lang='lat' dir='ltr'><strong>caeli</strong></span> <span class='ocrx_word' id='word_1_393' title='bbox 803 3695 903 3738; x_wconf 75' lang='lat' dir='ltr'><strong>siclum</strong></span> <span class='ocrx_word' id='word_1_394' title='bbox 916 3689 1077 3740; x_wconf 84' lang='lat' dir='ltr'><strong>definierint.</strong></span> 
     </span>
     <span class='ocr_line' id='line_1_41' title="bbox 126 3755 1257 3825; baseline 0.002 -17"><span class='ocrx_word' id='word_1_395' title='bbox 126 3767 204 3820; x_wconf 80' lang='lat' dir='ltr'><strong>puto,</strong></span> <span class='ocrx_word' id='word_1_396' title='bbox 226 3760 342 3819; x_wconf 83' lang='lat' dir='ltr'><strong>aestimo,</strong></span> <span class='ocrx_word' id='word_1_397' title='bbox 366 3773 446 3822; x_wconf 81' lang='lat' dir='ltr'><strong>quum</strong></span> <span class='ocrx_word' id='word_1_398' title='bbox 463 3765 553 3808; x_wconf 84' lang='lat' dir='ltr'><strong>tumen</strong></span> <span class='ocrx_word' id='word_1_399' title='bbox 570 3757 672 3823; x_wconf 85' lang='lat' dir='ltr'><strong>signifi·</strong></span> <span class='ocrx_word' id='word_1_400' title='bbox 754 3755 963 3825; x_wconf 80' lang='grc' dir='ltr'><em>κατηγήσαντο]</em></span> <span class='ocrx_word' id='word_1_401' title='bbox 973 3759 1034 3810; x_wconf 82' lang='lat' dir='ltr'><strong>vid.</strong></span> <span class='ocrx_word' id='word_1_402' title='bbox 1046 3759 1144 3813; x_wconf 84' lang='lat' dir='ltr'><strong>lllutth.</strong></span> <span class='ocrx_word' id='word_1_403' title='bbox 1157 3761 1203 3813; x_wconf 84' lang='lat' dir='ltr'><strong>Gr.</strong></span> <span class='ocrx_word' id='word_1_404' title='bbox 1211 3760 1257 3811; x_wconf 86' lang='lat' dir='ltr'><strong>Gr.</strong></span> 
     </span>
     <span class='ocr_line' id='line_1_42' title="bbox 130 3827 1258 3895; baseline 0.004 -19"><span class='ocrx_word' id='word_1_405' title='bbox 130 3827 264 3877; x_wconf 82' lang='lat' dir='ltr'><strong>ustionem</strong></span> <span class='ocrx_word' id='word_1_406' title='bbox 276 3827 310 3877; x_wconf 84' lang='lat' dir='ltr'><strong>ub</strong></span> <span class='ocrx_word' id='word_1_407' title='bbox 324 3827 375 3877; x_wconf 86' lang='lat' dir='ltr'><strong>hoc</strong></span> <span class='ocrx_word' id='word_1_408' title='bbox 387 3827 446 3878; x_wconf 90' lang='lat' dir='ltr'><strong>loco</strong></span> <span class='ocrx_word' id='word_1_409' title='bbox 457 3843 540 3893; x_wconf 82' lang='lat' dir='ltr'><strong>acque</strong></span> <span class='ocrx_word' id='word_1_410' title='bbox 553 3827 671 3878; x_wconf 83' lang='lat' dir='ltr'><strong>alienum</strong></span> <span class='ocrx_word' id='word_1_411' title='bbox 720 3831 745 3892; x_wconf 66' lang='grc'><strong>5.</strong></span> <span class='ocrx_word' id='word_1_412' title='bbox 755 3829 814 3889; x_wconf 86' lang='grc'><em>360,</em></span> <span class='ocrx_word' id='word_1_413' title='bbox 826 3845 850 3878; x_wconf 82' lang='grc' dir='ltr'><strong>ιι.</strong></span> <span class='ocrx_word' id='word_1_414' title='bbox 865 3835 891 3879; x_wconf 89' lang='lat' dir='ltr'><strong>et</strong></span> <span class='ocrx_word' id='word_1_415' title='bbox 907 3845 955 3892; x_wconf 84' lang='lat' dir='ltr'><strong>ee,</strong></span> <span class='ocrx_word' id='word_1_416' title='bbox 972 3844 1040 3895; x_wconf 75' lang='lat' dir='ltr'><strong>quae</strong></span> <span class='ocrx_word' id='word_1_417' title='bbox 1053 3829 1134 3895; x_wconf 83' lang='lat' dir='ltr'><strong>puulo</strong></span> <span class='ocrx_word' id='word_1_418' title='bbox 1146 3835 1210 3880; x_wconf 85' lang='lat' dir='ltr'><strong>unte</strong></span> <span class='ocrx_word' id='word_1_419' title='bbox 1221 3831 1258 3880; x_wconf 86' lang='lat' dir='ltr'><strong>ud</strong></span> 
     </span>
     <span class='ocr_line' id='line_1_43' title="bbox 129 3897 1259 3964; baseline 0.004 -18"><span class='ocrx_word' id='word_1_420' title='bbox 129 3913 189 3947; x_wconf 85' lang='lat' dir='ltr'><strong>esse</strong></span> <span class='ocrx_word' id='word_1_421' title='bbox 204 3897 380 3962; x_wconf 72' lang='lat' dir='ltr'><strong>creduntque</strong></span> <span class='ocrx_word' id='word_1_422' title='bbox 394 3897 428 3946; x_wconf 80' lang='lat' dir='ltr'><strong>ab</strong></span> <span class='ocrx_word' id='word_1_423' title='bbox 443 3899 515 3956; x_wconf 85' lang='lat' dir='ltr'><strong>ullis,</strong></span> <span class='ocrx_word' id='word_1_424' title='bbox 531 3913 672 3964; x_wconf 85' lang='lat' dir='ltr'><strong>quospro-</strong></span> <span class='ocrx_word' id='word_1_425' title='bbox 720 3914 780 3964; x_wconf 79' lang='lat' dir='ltr'><strong>cup.</strong></span> <span class='ocrx_word' id='word_1_426' title='bbox 799 3899 849 3950; x_wconf 75' lang='grc'><strong>’214</strong></span> <span class='ocrx_word' id='word_1_427' title='bbox 870 3899 903 3950; x_wconf 88' lang='lat' dir='ltr'><strong>de</strong></span> <span class='ocrx_word' id='word_1_428' title='bbox 922 3900 1002 3950; x_wconf 87' lang='lat' dir='ltr'><strong>huius</strong></span> <span class='ocrx_word' id='word_1_429' title='bbox 1020 3902 1097 3951; x_wconf 80' lang='lat' dir='ltr'><strong>verbi</strong></span> <span class='ocrx_word' id='word_1_430' title='bbox 1121 3903 1259 3950; x_wconf 76' lang='lat' dir='ltr'><strong>structura</strong></span> 
     </span>
     <span class='ocr_line' id='line_1_44' title="bbox 129 3965 1257 4046; baseline 0.004 -30"><span class='ocrx_word' id='word_1_431' title='bbox 129 3965 183 4016; x_wconf 87' lang='lat' dir='ltr'><strong>l&#39;ert</strong></span> <span class='ocrx_word' id='word_1_432' title='bbox 196 3965 332 4031; x_wconf 83' lang='lat' dir='ltr'>(Sophocl.</span> <span class='ocrx_word' id='word_1_433' title='bbox 349 3965 444 4031; x_wconf 73' lang='lat' dir='ltr'><strong>Oetlip.</strong></span> <span class='ocrx_word' id='word_1_434' title='bbox 457 3967 521 4031; x_wconf 81' lang='lat' dir='ltr'><strong>Tyr.</strong></span> <span class='ocrx_word' id='word_1_435' title='bbox 537 3969 596 4018; x_wconf 91' lang='grc'><strong>411.</strong></span> <span class='ocrx_word' id='word_1_436' title='bbox 617 3969 670 4020; x_wconf 84' lang='grc' dir='ltr'><em>Χε-</em></span> <span class='ocrx_word' id='word_1_437' title='bbox 720 3970 910 4020; x_wconf 77' lang='lat' dir='ltr'><strong>excitavimus.</strong></span> <span class='ocrx_word' id='word_1_438' title='bbox 932 3968 1009 4020; x_wconf 79' lang='lat' dir='ltr'><strong>(loni.</strong></span> <span class='ocrx_word' id='word_1_439' title='bbox 1021 3969 1257 4046; x_wconf 42' lang='lat' dir='ltr'><strong>praetereumte-</strong></span> 
     </span>
     <span class='ocr_line' id='line_1_45' title="bbox 128 4035 1256 4173; baseline 0.004 -19"><span class='ocrx_word' id='word_1_440' title='bbox 128 4035 669 4172; x_wconf 67' lang='grc' dir='ltr'><em>κκκεκκοκοκο</em></span> <span class='ocrx_word' id='word_1_441' title='bbox 718 4039 773 4171; x_wconf 73' lang='grc' dir='ltr'><em>ια</em></span> <span class='ocrx_word' id='word_1_442' title='bbox 787 4037 1019 4172; x_wconf 61' lang='grc' dir='ltr'><em>κακον,</em></span> <span class='ocrx_word' id='word_1_443' title='bbox 1036 4038 1256 4173; x_wconf 70' lang='grc' dir='ltr'><em>κακον</em></span> 
     </span>
     <span class='ocr_line' id='line_1_46' title="bbox 127 4173 1257 4242; baseline 0.004 -16"><span class='ocrx_word' id='word_1_444' title='bbox 127 4177 226 4226; x_wconf 86' lang='lat' dir='ltr'><strong>retinet</strong></span> <span class='ocrx_word' id='word_1_445' title='bbox 242 4175 353 4226; x_wconf 80' lang='lat' dir='ltr'><strong>verbum</strong></span> <span class='ocrx_word' id='word_1_446' title='bbox 373 4173 487 4239; x_wconf 84' lang='grc' dir='ltr'><em>γράφω,</em></span> <span class='ocrx_word' id='word_1_447' title='bbox 515 4177 586 4242; x_wconf 88' lang='lat' dir='ltr'><strong>quod</strong></span> <span class='ocrx_word' id='word_1_448' title='bbox 604 4177 630 4226; x_wconf 92' lang='lat' dir='ltr'><strong>h.</strong></span> <span class='ocrx_word' id='word_1_449' title='bbox 649 4177 668 4228; x_wconf 87' lang='grc'><strong>1.</strong></span> <span class='ocrx_word' id='word_1_450' title='bbox 719 4175 843 4241; x_wconf 67' lang='grc' dir='ltr'><em>πολέμου</em></span> <span class='ocrx_word' id='word_1_451' title='bbox 861 4179 914 4228; x_wconf 84' lang='lat' dir='ltr'><strong>vid.</strong></span> <span class='ocrx_word' id='word_1_452' title='bbox 933 4183 1004 4229; x_wconf 85' lang='lat' dir='ltr'><strong>nott.</strong></span> <span class='ocrx_word' id='word_1_453' title='bbox 1024 4178 1060 4227; x_wconf 83' lang='lat' dir='ltr'><strong>ed</strong></span> <span class='ocrx_word' id='word_1_454' title='bbox 1078 4178 1147 4239; x_wconf 88' lang='lat' dir='ltr'>Vll,</span> <span class='ocrx_word' id='word_1_455' title='bbox 1167 4179 1214 4229; x_wconf 86' lang='lat'><strong>172</strong></span> <span class='ocrx_word' id='word_1_456' title='bbox 1228 4185 1257 4230; x_wconf 88' lang='lat' dir='ltr'><strong>et</strong></span> 
     </span>
     <span class='ocr_line' id='line_1_47' title="bbox 128 4239 1255 4314; baseline 0.004 -19"><span class='ocrx_word' id='word_1_457' title='bbox 128 4261 182 4296; x_wconf 88' lang='lat' dir='ltr'><strong>uon</strong></span> <span class='ocrx_word' id='word_1_458' title='bbox 203 4246 262 4295; x_wconf 84' lang='lat' dir='ltr'><strong>elue</strong></span> <span class='ocrx_word' id='word_1_459' title='bbox 282 4245 310 4294; x_wconf 81' lang='lat' dir='ltr'><strong>vi</strong></span> <span class='ocrx_word' id='word_1_460' title='bbox 330 4245 446 4310; x_wconf 83' lang='lat' dir='ltr'><strong>qusdsm</strong></span> <span class='ocrx_word' id='word_1_461' title='bbox 469 4247 588 4311; x_wconf 88' lang='lat' dir='ltr'><strong>positum</strong></span> <span class='ocrx_word' id='word_1_462' title='bbox 611 4251 666 4297; x_wconf 82' lang='lat' dir='ltr'><strong>est:</strong></span> <span class='ocrx_word' id='word_1_463' title='bbox 718 4247 751 4298; x_wconf 89' lang='lat' dir='ltr'><strong>de</strong></span> <span class='ocrx_word' id='word_1_464' title='bbox 765 4245 880 4297; x_wconf 85' lang='lat' dir='ltr'><strong>iormuls</strong></span> <span class='ocrx_word' id='word_1_465' title='bbox 896 4239 925 4296; x_wconf 78' lang='grc' dir='ltr'><strong>ἔκ</strong></span> <span class='ocrx_word' id='word_1_466' title='bbox 945 4261 973 4297; x_wconf 83' lang='grc' dir='ltr'><em>τε</em></span> <span class='ocrx_word' id='word_1_467' title='bbox 987 4239 1074 4296; x_wconf 87' lang='grc' dir='ltr'><em>τόσου</em></span> <span class='ocrx_word' id='word_1_468' title='bbox 1090 4253 1159 4296; x_wconf 88' lang='lat' dir='ltr'><strong>nott.</strong></span> <span class='ocrx_word' id='word_1_469' title='bbox 1172 4247 1206 4296; x_wconf 79' lang='lat' dir='ltr'><strong>ad</strong></span> <span class='ocrx_word' id='word_1_470' title='bbox 1222 4251 1255 4314; x_wconf 88' lang='lat' dir='ltr'><strong>V,</strong></span> 
     </span>
     <span class='ocr_line' id='line_1_48' title="bbox 127 4315 1255 4382; baseline 0.003 -16"><span class='ocrx_word' id='word_1_471' title='bbox 127 4317 191 4366; x_wconf 76' lang='lat' dir='ltr'><strong>lunc</strong></span> <span class='ocrx_word' id='word_1_472' title='bbox 205 4317 282 4380; x_wconf 80' lang='lat' dir='ltr'><strong>ipitur</strong></span> <span class='ocrx_word' id='word_1_473' title='bbox 299 4315 438 4380; x_wconf 82' lang='lat' dir='ltr'><strong>(quonium</strong></span> <span class='ocrx_word' id='word_1_474' title='bbox 448 4315 488 4366; x_wconf 83' lang='lat' dir='ltr'><strong>its</strong></span> <span class='ocrx_word' id='word_1_475' title='bbox 502 4321 668 4380; x_wconf 85' lang='lat' dir='ltr'><strong>compertum</strong></span> <span class='ocrx_word' id='word_1_476' title='bbox 717 4317 760 4367; x_wconf 87' lang='grc'><strong>88.</strong></span> <span class='ocrx_word' id='word_1_477' title='bbox 790 4316 831 4366; x_wconf 84' lang='lat' dir='ltr'><strong>Ad</strong></span> <span class='ocrx_word' id='word_1_478' title='bbox 845 4316 1136 4382; x_wconf 73' lang='lat' dir='ltr'><strong>plusquamperfectum</strong></span> <span class='ocrx_word' id='word_1_479' title='bbox 1148 4315 1255 4369; x_wconf 72' lang='lat' dir='ltr'><strong>neredi-</strong></span> 
     </span>
     <span class='ocr_line' id='line_1_49' title="bbox 127 4383 1254 4456; baseline 0.005 -20"><span class='ocrx_word' id='word_1_480' title='bbox 127 4391 284 4450; x_wconf 87' lang='lat' dir='ltr'><strong>certumque</strong></span> <span class='ocrx_word' id='word_1_481' title='bbox 298 4383 398 4450; x_wconf 80' lang='lat' dir='ltr'><strong>habeo)</strong></span> <span class='ocrx_word' id='word_1_482' title='bbox 412 4385 484 4437; x_wconf 77' lang='grc' dir='ltr'><em>Ιιιιίαε</em></span> <span class='ocrx_word' id='word_1_483' title='bbox 496 4387 605 4438; x_wconf 79' lang='lat' dir='ltr'><strong>criminis</strong></span> <span class='ocrx_word' id='word_1_484' title='bbox 616 4387 668 4437; x_wconf 85' lang='lat' dir='ltr'><strong>cul-</strong></span> <span class='ocrx_word' id='word_1_485' title='bbox 716 4383 813 4451; x_wconf 70' lang='lat' dir='ltr'><strong>deero,</strong></span> <span class='ocrx_word' id='word_1_486' title='bbox 828 4385 899 4452; x_wconf 88' lang='lat' dir='ltr'><strong>quod</strong></span> <span class='ocrx_word' id='word_1_487' title='bbox 912 4387 979 4437; x_wconf 87' lang='lat' dir='ltr'><strong>bene</strong></span> <span class='ocrx_word' id='word_1_488' title='bbox 991 4393 1083 4438; x_wconf 88' lang='lat' dir='ltr'><strong>tuetur</strong></span> <span class='ocrx_word' id='word_1_489' title='bbox 1093 4385 1254 4456; x_wconf 83' lang='lat' dir='ltr'><strong>Wesseliug.</strong></span> 
     </span>
    </p>
   </div>
   <div class='ocr_carea' id='block_1_4' title="bbox 161 4472 1057 4538">
    <p class='ocr_par' dir='ltr' id='par_1_4' title="bbox 161 4472 1057 4538">
     <span class='ocr_line' id='line_1_50' title="bbox 161 4472 1057 4538; baseline -0.001 -2"><span class='ocrx_word' id='word_1_490' title='bbox 161 4492 327 4536; x_wconf 81' lang='lat' dir='ltr'><strong>uuuouou.</strong></span> <span class='ocrx_word' id='word_1_491' title='bbox 352 4491 401 4534; x_wconf 87' lang='lat'>111.</span> <span class='ocrx_word' id='word_1_492' title='bbox 1016 4472 1057 4538; x_wconf 84' lang='lat'><strong>49</strong></span> 
     </span>
    </p>
   </div>
   <div class='ocr_carea' id='block_1_5' title="bbox 171 2431 875 2500">
    <p class='ocr_par' dir='ltr' id='par_1_5' title="bbox 171 2431 875 2500">
     <span class='ocr_line' id='line_1_51' title="bbox 171 2431 875 2500; baseline -0.007 -17"><span class='ocrx_word' id='word_1_493' title='bbox 171 2435 236 2484; x_wconf 88' lang='lat' dir='ltr'><strong>time</strong></span> <span class='ocrx_word' id='word_1_494' title='bbox 248 2435 425 2494; x_wconf 79' lang='lat' dir='ltr'><strong>retinentem,</strong></span> <span class='ocrx_word' id='word_1_495' title='bbox 439 2436 599 2500; x_wconf 85' lang='lat' dir='ltr'><strong>prsesertim</strong></span> <span class='ocrx_word' id='word_1_496' title='bbox 615 2449 675 2484; x_wconf 87' lang='lat' dir='ltr'><strong>cum</strong></span> <span class='ocrx_word' id='word_1_497' title='bbox 726 2431 787 2481; x_wconf 77' lang='lat' dir='ltr'><strong>dum</strong></span> <span class='ocrx_word' id='word_1_498' title='bbox 801 2432 875 2482; x_wconf 83' lang='lat' dir='ltr'><strong>duxi.</strong></span> 
     </span>
    </p>
   </div>
   <div class='ocr_carea' id='block_1_6' title="bbox 0 0 1498 5014">
    <p class='ocr_par' dir='ltr' id='par_1_6' title="bbox 0 0 1498 5014">
     <span class='ocr_line' id='line_1_52' title="bbox 0 0 1498 5014; baseline 0 5"><span class='ocrx_word' id='word_1_499' title='bbox 0 0 1498 5014; x_wconf 95' lang='lat' dir='ltr'><strong> </strong></span> 
     </span>
    </p>
   </div>
  </div>
 </body>
</html>
