3010 4966
430 343 800 414 TERPSIOHORE.
823 347 862 416 V.
884 363 928 418 51.
950 361 994 420 52.
1237 357 1274 424 81

82 521 214 596 397εἰσὶ
233 521 402 612 βασιλήιοι
423 525 479 592 καὶ
492 522 688 606 καταλύσιες
710 526 899 615 κάλλισται,
924 525 980 597 διὰ
1000 533 1191 621 οἰκεομένης
1211 532 1281 622 τεὴ

139 720 278 786 regiorum
297 721 343 786 (de
362 723 460 788 quibus
481 722 535 773 vid.
550 725 632 788 VIII,
649 725 684 776 98
736 726 865 778 credibile
875 728 913 791 iit,
925 727 993 779 baec
1004 727 1111 780 haurire
1121 731 1223 782 Noster
1233 732 1278 782 rix

138 790 232 856 ibique
245 789 340 856 nott),
356 793 384 841 in
396 793 487 843 varies
502 796 580 859 regni
590 799 683 860 partes
734 799 835 862 potnit,
848 799 903 862 qui,
917 803 947 848 ut
956 814 1015 850 mea
1027 799 1080 850 fert
1091 801 1193 864 opinio,
1206 801 1278 850 hane

139 861 218 910 iussa
246 862 319 926 regis
347 863 543 926 perferentium
567 865 684 929 indeque
734 867 1277 936 viasregiesdescrlptionem,tanquam

137 929 328 994 redeuntium,
343 935 463 998 itemque
476 935 504 983 in
516 949 593 984 usrrm
606 950 683 1000 prae·
735 925 911 998 ἔπιισόὸιοιι,
927 953 1013 988 rernm
1023 929 1179 990 ¹narrationi
1190 941 1275 990 inser-

138 999 274 1050 leetorum
306 1003 441 1066 regiorum
468 1005 496 1052 ia
525 1005 683 1067 provincias
734 1005 1275 1073 tamutexhiberet,edpotissimumeen-

138 1070 286 1119 missnrnm
306 1077 334 1120 et
350 1071 386 1121 ed
410 1072 483 1136 regis
504 1072 595 1124 aulam
610 1089 683 1125 rece·
734 1077 766 1126 eit
779 1076 907 1126 inductus
923 1083 974 1138 est,
986 1079 1067 1143 quod,
1079 1085 1109 1128 nt
1120 1079 1177 1142 ipse
1193 1084 1277 1129 testa-

140 1140 264 1190 dentinm
277 1140 399 1206 adeoque
410 1142 531 1205 ipserum
543 1144 684 1208 copiarum
734 1147 887 1211 turcupbi
895 1145 966 1210 init,
975 1150 1129 1198 accuratius
1137 1148 1275 1212 explicere

137 1209 275 1272 regiarum
299 1211 351 1260 lter
368 1210 526 1261 facientium
542 1228 591 1277 per
607 1215 685 1276 regni
735 1213 824 1265 rolnit
841 1231 888 1278 ee,
913 1231 983 1282 quae
1006 1233 1067 1280 cap.
1087 1217 1121 1268 50
1135 1218 1276 1282 Aristago-

137 1279 245 1329 Persiei
270 1279 442 1344 provinciae:
472 1281 540 1332 adeo
563 1287 594 1332 ut
617 1283 684 1332 hese
734 1299 793 1334 ram
803 1285 939 1335 dicentem
949 1287 1055 1338 fecerat
1063 1286 1097 1336 de
1106 1285 1276 1352 longitudine

139 1363 207 1398 cura
219 1351 327 1400 alarum
340 1350 475 1414 regiarum
486 1353 631 1402 coniuncta
644 1353 685 1402 vi-

140 1417 239 1466 deatur
253 1433 313 1468 curn
327 1424 459 1470 accurata
479 1419 528 1470 ille
545 1422 620 1485 regni
636 1421 684 1470 ad-

141 1489 358 1548 ministratione,
370 1504 449 1554 quam
459 1490 560 1540 Darius
570 1505 683 1554 regnum

140 1557 258 1622 adeptus
278 1559 397 1608 instituit
419 1564 529 1609 auctore
542 1559 682 1609 Herodoto

141 1627 202 1688 III,
215 1627 249 1678 89
261 1627 320 1692 <ubi
334 1628 390 1678 vid.
405 1626 505 1692 nott),
519 1644 579 1679 curu
591 1629 682 1680 varias

140 1698 219 1760 regni
238 1698 333 1761 pacati
361 1702 448 1748 terras
472 1713 520 1760 per
545 1699 682 1763 satrapias

140 1765 288 1825 divideret,
313 1766 413 1831 qnibns
437 1767 553 1832 singulis
579 1769 684 1832 praele-

139 1841 200 1885 etos
228 1838 374 1886 constItnIt
403 1837 588 1902 tributumque
619 1853 682 1902 pen-

140 1904 254 1955 dendum
284 1905 441 1970 imperavit.
491 1908 581 1969 Quare
608 1909 682 1972 eqni-

142 1973 202 2024 dem
225 1979 312 2026 totum
337 1975 366 2024 id
388 1975 545 2026 institutum
571 1975 607 2024 ad
627 1977 682 2026 Da-

140 2045 208 2094 rium
221 2059 351 2095 revoesre
363 2045 467 2108 malian,
479 2045 551 2110 qnod
560 2045 631 2094 idem
645 2046 683 2096 fe-

140 2115 210 2164 cisse
220 2113 301 2165 rideo
310 2114 410 2165 Grute:
422 2115 534 2178 Historp
544 2115 575 2164 ot'
581 2115 682 2165 (ireeee

140 2185 187 2234 lv.
201 2199 227 2248 p.
241 2185 306 2234 320:
327 2185 426 2235 etenim
441 2185 547 2249 Insigne
563 2184 629 2234 mibi
642 2186 681 2236 vi-

140 2254 218 2302 detur
241 2253 431 2303 documentum
451 2270 510 2304 esse
527 2269 609 2304 curae
628 2253 682 2303 exi-

139 2323 226 2384 miae,
257 2337 338 2387 quam
363 2337 446 2387 regno
474 2323 542 2382 bene
567 2323 682 2372 admini-

139 2391 253 2442 strando
265 2392 361 2441 tribuit
372 2393 488 2455 Darius,
507 2408 594 2457 neque
607 2406 683 2442 eece·

140 2461 204 2512 dere
227 2477 337 2525 possum
359 2462 489 2525 Kieperto
512 2461 592 2512 liuius
621 2463 683 2512 viae

140 2531 257 2596 restigIa
267 2545 353 2596 usque
362 2530 397 2579 ad
406 2532 579 2594 Assyriorum
589 2545 682 2594 regum

141 2607 265 2665 tempora
289 2599 414 2650 recedere
433 2600 600 2665 multumque
619 2601 682 2651 inde

141 2673 283 2721 Persarum
294 2685 405 2735 regnum
417 2670 579 2722 antecedere
593 2671 681 2734 suspi-

140 2741 216 2790 canti
228 2755 254 2804 p.
270 2740 319 2790 lii
333 2739 362 2788 in
374 2739 582 2801 disserteIIone,
602 2755 682 2804 quem

140 2811 174 2860 de
187 2811 238 2859 hae
252 2809 299 2858 via
312 2811 388 2874 regia
401 2809 527 2874 scripsit,
541 2810 644 2859 inserte
655 2809 686 2857 li-

140 2880 226 2930 bello:
240 2878 474 2929 Monetsberichte
486 2879 511 2929 tl.
520 2877 649 2929 Akadem.
658 2877 684 2928 d.

140 2947 308 2998 Wiseenscb.
325 2964 348 3000 a.
362 2947 453 2998 Berlin
469 2947 544 3001 1857.
562 2949 642 3001 Febr.
658 2963 683 3013 p.

143 3018 338 3082 123eqq.‚nbi
347 3016 554 3082 additeqnoqne
563 3017 690 3068 esttebn-

141 3088 170 3138 le
180 3087 364 3152 geographica
373 3087 530 3152 singularis,
546 3102 616 3151 quae
626 3102 687 3152 pro·

140 3159 234 3223 posuit
247 3157 290 3207 vir
302 3156 409 3219 doctus,
424 3157 522 3208 eximie
534 3155 685 3208 Illustrens.

141 3227 221 3289 Quod
240 3240 304 3276 vero
326 3225 396 3276 idem
413 3226 455 3276 vir
473 3225 571 3276 doetus
589 3241 615 3291 p.
633 3226 682 3277 125

141 3311 191 3358 ea,
207 3310 276 3360 qnae
289 3295 315 3347 h.
326 3295 346 3346 l.
358 3295 515 3346 Herodotus
527 3294 560 3346 de
573 3295 624 3346 hac
636 3297 683 3343 via

140 3367 219 3430 regia
239 3364 339 3427 tradit,
366 3381 399 3414 ex
420 3365 468 3416 illa
488 3365 621 3416 Hecataei
641 3369 684 3413 ta·
702 3359 721 3378 ⁶

141 3436 223 3496 bula,
239 3433 341 3484 additis
357 3436 405 3492 iis,
427 3450 497 3499 quae
511 3449 529 3484 a
540 3435 684 3485 Persarum

141 3505 289 3570 praelectis
304 3505 363 3569 ipte
376 3505 475 3554 Noster
490 3503 619 3554 Sardibus
639 3519 684 3554 ec·

141 3575 262 3639 ceperit,
277 3573 386 3625 tinxisse
399 3573 555 3624 contendite
578 3574 606 3622 id
627 3574 684 3638 qni·

141 3645 203 3695 dem
228 3643 294 3692 mibi
317 3657 423 3708 quoque
447 3658 541 3694 verum
564 3643 684 3705 videtur,

142 3714 189 3778 qui
203 3718 360 3764 accuratam
373 3713 435 3762 vise
448 3713 533 3777 ipsius
547 3727 579 3762 ac
593 3713 686 3777 singu-

142 3783 228 3833 lorum
244 3779 448 3832 intervallorum
462 3781 630 3832 notationem
643 3778 687 3832 vel

142 3867 158 3902 e
170 3851 286 3918 publicis
295 3853 439 3902 Persarum
455 3851 655 3903 commentariis
669 3865 686 3899 a

142 3922 243 3974 Nostro
261 3921 394 3986 inspectis
414 3919 525 3972 ductam
549 3935 608 3972 esse
631 3935 687 3970 cre-

142 3992 205 4042 dam
219 3991 263 4042 vel
282 4005 300 4040 a
311 3991 455 4041 Persarum
472 3990 619 4056 praelectis
634 3989 687 4038 Ile-

143 4061 241 4112 rodoto
255 4061 398 4126 quaerenti
411 4059 549 4110 traditam.
577 4061 619 4109 Ex
632 4059 686 4109 Ile-

145 4132 233 4182 eetaei
246 4129 355 4192 tabule,
369 4131 398 4179 iu
413 4145 466 4194 qua
476 4134 583 4195 praeter
596 4133 686 4177 terrae

144 4202 230 4250 totius
242 4199 374 4250 ambitum
385 4201 473 4248 maris
483 4203 590 4248 tantum
601 4203 628 4248 et
638 4198 686 4246 flu-

144 4271 218 4322 mine
234 4267 371 4334 insculpta
385 4269 578 4319 fuisseNoster
593 4267 687 4316 scribit

145 4355 206 4405 cap.
219 4339 268 4397 49,
284 4339 393 4404 singule
405 4337 489 4404 igitur
498 4337 574 4396 loce,
592 4336 688 4387 statio-

145 4425 210 4474 nes,
224 4409 322 4472 urbes,
338 4407 394 4460 elia
407 4407 481 4460 haud
494 4407 618 4458 indicate
629 4419 689 4458 esse

182 4513 347 4558 unaonos.
368 4513 417 4556 111.

734 1354 797 1404 viee
810 1369 860 1416 per·
871 1361 1029 1406 troarnenses
1040 1361 1182 1406 extensae:
1199 1371 1277 1421 pree·

735 1423 828 1473 sertim
842 1439 904 1474 cnm
916 1427 992 1475 recti
1004 1425 1134 1475 Sardibus
1149 1425 1218 1475 Susa
1231 1441 1276 1490 pe·

735 1493 855 1544 tentibus
877 1493 986 1544 brevior
1005 1495 1100 1558 utique
1120 1499 1276 1559 suppeteret

733 1563 793 1625 via,
811 1579 844 1613 ex
858 1569 936 1628 parte
953 1579 1001 1628 per
1015 1563 1132 1614 incultas
1148 1564 1274 1629 regiones

733 1646 766 1680 ee
784 1631 891 1682 deserta
908 1632 1038 1697 periculis
1063 1633 1149 1683 omnis
1167 1635 1275 1698 generis

733 1701 835 1752 referte
848 1702 991 1752 iacienda:
1017 1717 1087 1766 quse
1102 1703 1162 1766 ipsa
1175 1707 1206 1752 ut
1219 1703 1276 1754 evi-

734 1775 873 1834 tarentnr,
900 1771 968 1822 haec
987 1773 1063 1836 regie
1086 1773 1133 1822 via
1156 1772 1275 1836 longiori

732 1841 849 1905 quidem,
859 1841 906 1891 sed
915 1842 979 1891 utili
988 1842 1091 1890 ambitu
1101 1841 1218 1891 ducebat
1227 1857 1275 1906 per

732 1911 857 1974 regiones
876 1911 944 1960 bene
971 1909 1060 1960 cultas
1083 1911 1174 1960 omnis
1197 1911 1275 1975 profi·

734 1980 899 2030 elabentibus
926 1980 1082 2030 necessaria
1111 1980 1274 2044 praebentes

734 2049 868 2112 simulque
881 2053 956 2100 tutes
969 2064 986 2098 e
999 2048 1134 2098 latronum
1148 2057 1196 2098 eut
1208 2065 1273 2114 gen-

734 2118 802 2166 tium
815 2118 933 2167 terarum
947 2119 1147 2168 incursionibus
1159 2115 1221 2182 (διὰ
1232 2113 1274 2167 al-

733 2183 869 2250 κεομένης
878 2178 932 2248 τιή
945 2177 1012 2241 ὁδὸς
1021 2174 1117 2236 ἅπασα
1126 2178 1275 2250 sctolucpu·

733 2251 816 2320 ia'oc).
843 2254 920 2316 Quod
929 2256 1011 2319 igitur
1023 2255 1129 2318 longior
1139 2261 1199 2306 erat
1208 2257 1275 2307 haec

733 2325 780 2374 rie
793 2325 882 2389 regia,
899 2323 961 2373 inde
975 2323 1149 2387 intelligitur,
1165 2341 1212 2374 cur
1221 2326 1275 2388 Gy—

733 2409 779 2443 rns
799 2395 887 2442 minor
905 2398 973 2442 nutu
996 2391 1049 2440 hnc
1071 2393 1132 2456 ipsa
1151 2394 1276 2458 neglecta

733 2463 816 2514 aliern
842 2462 1003 2527 praetulerit
1025 2463 1101 2510 recta
1125 2475 1173 2524 per
1193 2463 1275 2511 Asiae

733 2533 845 2582 minoris
858 2536 951 2596 partes
963 2528 1148 2580 meridionalis
1159 2529 1194 2579 ed
1208 2530 1276 2580 inte·

733 2604 814 2654 rioris
835 2603 917 2652 Asiae
938 2601 1034 2665 plagas
1060 2599 1218 2662 ducentem,
1245 2605 1277 2648 ut

733 2677 808 2724 reete
821 2672 925 2721 monuit
939 2671 1010 2720 idern
1023 2669 1137 2734 Kiepert
1150 2669 1178 2718 in
1190 2677 1276 2719 anno·

736 2744 842 2792 tatione
854 2741 889 2791 ed
900 2738 1068 2804 Xenophont.
1083 2739 1169 2788 Aneb.
1179 2739 1208 2800 1,
1219 2739 1249 2800 2,
1260 2740 1276 2788 5

737 2811 779 2862 ed.
799 2810 931 2861 Hertlein.
953 2823 1007 2860 ase.
1049 2809 1088 2858 Ac
1107 2807 1222 2872 denique
1240 2809 1276 2858 ad

735 2881 918 2931 Herodoteam
942 2879 1012 2928 hanc
1029 2879 1091 2928 viae
1114 2877 1275 2942 descriptio-

736 2966 797 3000 nem
825 2955 1042 3014 accnratemque
1069 2945 1276 2996 intervallorum

736 3020 903 3070 notationem
918 3018 992 3068 band
1010 3017 1067 3067 seio
1081 3031 1117 3065 en
1132 3015 1198 3066 illud
1210 3031 1276 3080 quo·

735 3105 787 3154 qne
798 3089 899 3149 faeiat,
913 3088 984 3152 qnod
998 3087 1080 3136 etiem
1090 3085 1213 3146 CtesIas,
1229 3085 1276 3149 qni

734 3158 869 3208 Herodoti
887 3157 974 3206 fertur
994 3160 1022 3205 et
1039 3153 1162 3204 aemulus
1180 3159 1208 3204 et
1230 3154 1277 3204 ob·

734 3233 881 3288 tractator,
903 3227 931 3276 in
948 3225 1000 3275 fine
1022 3225 1112 3288 operis
1131 3224 1165 3274 de
1178 3224 1276 3273 Perse-

734 3313 794 3347 rnm
811 3297 892 3348 rebus
907 3293 1057 3357 conscripti
1075 3292 1188 3343 similem
1205 3307 1278 3356 pror-

735 3381 781 3416 sus
804 3367 833 3415 in
851 3364 958 3414 modurn
974 3363 1036 3414 riae
1055 3363 1187 3412 rationem
1209 3363 1279 3412 eins»

735 3451 788 3502 que
800 3433 997 3500 longitudinem
1013 3431 1198 3492 indicaverat,
1217 3445 1277 3481 enm

735 3508 763 3555 in
782 3505 925 3568 Excerptis
945 3500 1028 3566 (apud
1045 3499 1183 3566 Photium)
1205 3503 1229 3561 ξ.
1244 3501 1278 3551 bi

735 3575 802 3624 baec
819 3573 958 3638 legantur:
986 3562 1043 3618 ἀπὸ
1059 3561 1179 3631 Ἐφέσου
1198 3563 1278 3632 μέχρι

736 3637 870 3706 Βάκτρων
882 3636 929 3689 aui
940 3632 1061 3702 Ἰνδικῆς
1075 3629 1202 3703 ἀριθμὸς
1216 3649 1279 3686 σια-

736 3710 836 3776 diens,
858 3701 984 3775 ἡμερῶν,
1003 3705 1209 3772 παρασαγγιῐιι,
1231 3707 1279 3758 nbi

737 3782 810 3834 coni.
826 3795 896 3846 quse
915 3779 1047 3830 annotavi
1067 3793 1130 3843 pag.
1145 3778 1205 3828 217.
1238 3777 1280 3825 De

738 3849 894 3902 huiusmodi
920 3849 972 3900 viis
1004 3852 1088 3913 etque
1114 3845 1280 3898 stationibus

738 3921 802 3972 olim
817 3920 984 3984 scripserant
997 3920 1082 3968 Beato
1093 3922 1120 3968 et
1131 3917 1279 3978 Amyntas:

737 3992 770 4042 de
784 3990 881 4055 quibus
896 3987 952 4040 vid.
967 4003 1038 4052 quae
1051 4002 1113 4036 mox
1125 3983 1280 4033 afferemus.

776 4056 904 4118 σταθμοί
921 4070 950 4106 τε
970 4049 1100 4118 πανταχῆ
1127 4047 1181 4100 sisi
1203 4046 1282 4126 βασι-

739 4120 825 4193 iq'i'us]
845 4129 983 4177 Intactum
1005 4121 1117 4175 servavi
1141 4133 1281 4182 πανταχη,

737 4197 810 4247 lraud
829 4195 986 4246 mutandum
1004 4194 1032 4242 in
1050 4188 1197 4252 παντακῆς
1224 4187 1280 4238 vid.

738 4272 807 4317 nott.
815 4266 849 4316 ad
858 4266 896 4328 II,
910 4265 967 4314 1⁴24.
978 4290 1008 4298 -
1019 4253 1144 4321 σταθμοὶ
1152 4273 1211 4308 curn
1222 4273 1282 4324 pro-

739 4337 797 4401 prie
808 4337 863 4385 sint
875 4349 1004 4399 pecorum
1014 4329 1124 4382 stabula
1139 4335 1187 4378 snt
1198 4329 1282 4380 bomi-

739 4421 802 4458 num
813 4406 841 4456 in
854 4419 915 4456 rure
925 4400 1108 4453 habitantium
1120 4414 1200 4452 ossae
1214 4397 1283 4464 (vid.

1070 4485 1090 4548 6
