2958 5010
458 342 731 406 POLYMNIA.
754 344 825 405 vn.
847 351 906 408 197.
1186 339 1248 401 747

7 565 12 604 1
117 521 232 610 λήιτον
253 519 290 590 δὲ
311 519 468 588 καλέουσι
490 516 527 587 τὸ
548 516 755 608 πρυτανήιον
775 522 809 586 οί
822 514 962 604 Ἀχαιοί·
995 511 1097 606 ivri
1117 519 1250 605 ἕσίλθη,

7 669 13 710 ,
66 622 188 697 sesain
203 631 272 694 ἔστι
287 620 373 704 ὅκως
387 627 504 707 ἔξεισι,
520 625 601 705 πρὶν
615 617 635 711 ἢ
649 623 819 692 θύσεσθαι
835 625 949 710 μέλλῃ.
992 619 1035 701 ὥς
1051 648 1087 690 τε
1107 627 1154 690 ἔτι
1169 619 1252 706 πρὸς

118 728 264 799 τούτοισι
286 730 403 796 πολλοὶ
432 723 496 814 ἤδη
520 730 589 794 των
617 726 809 815 μελλόντων
828 724 956 794 τούτων
978 723 1148 794 θύσεσθαι
1181 730 1249 794 θεί-

119 854 237 912 σαντες
259 841 390 917 οἴχοντο
408 827 615 913 ἀποδράντες
636 833 668 910 ἐς
685 827 791 915 ἄλλην
811 827 939 916 χώρην,
966 827 1090 915 χρόνον
1111 827 1148 897 δὲ
1168 854 1250 915 προ-

120 934 228 1014 σόντος
251 931 358 1004 ὀπίσω
377 933 617 1018 κατελθόντες,
649 927 692 1019 ἦν
711 929 913 1001 ἁλίσκωνται
935 931 1131 1012 ἐσελθόντες
1159 935 1192 1012 ἐς
1215 927 1253 1000 τὸ

120 1036 345 1127 πρατανηλον,
374 1031 419 1116 eis
440 1036 560 1105 θύεταί
580 1063 633 1120 τε,
662 1039 850 1124 ἐξηγέοντο,
880 1040 1040 1123 στέμμασι
1063 1040 1126 1116 πᾶς
1145 1061 1252 1104 πυκα-

155 1197 252 1266 λη’ϊτον
263 1191 471 1251 ulterioreni
482 1193 662 1265 πουτανήλον
712 1203 852 1253 victimam
884 1201 935 1252 deo
961 1201 1085 1265 offerret,
1118 1200 1254 1268 piaculum

121 1267 150 1324 οί
159 1265 271 1338 Ἀχαιολ]
287 1273 360 1335 Quod
373 1279 439 1323 esset
448 1275 544 1337 popuii,
561 1273 662 1337 popoli-
713 1273 785 1337 quod
798 1277 871 1322 esset
884 1273 1005 1322 criminis
1024 1272 1086 1321 olim
1102 1271 1253 1331 commissu

119 1360 172 1394 αιιιιι
188 1347 246 1394 sive
256 1345 388 1406 γαλιλιλτιιιι,
401 1335 432 1389 τύ
447 1335 597 1405 ὃηαύσιον,
612 1355 661 1406 pro
712 1357 784 1392 nnuc
810 1356 875 1390 vero
900 1341 991 1390 malim
1017 1341 1255 1407 Schweighaeuse-

121 1415 229 1464 diversn
243 1413 464 1474 pronuntiatione
486 1405 567 1468 λαὸς,
584 1405 661 1471 λεώς,
712 1427 770 1462 rum
789 1413 875 1475 sequi,
893 1412 973 1460 cuius
991 1413 1063 1460 ratio
1075 1427 1133 1467 ¹unu
1146 1417 1255 1461 senteu-

122 1477 189 1545 ληὸς
209 1483 337 1531 dixerunt
358 1492 465 1530 veteres
480 1475 593 1540 λσὶϊτον,
608 1477 663 1527 λε”ί-
713 1481 953 1530 λλιισλλετιιιλολοαο
973 1482 1117 1530 convenire
1135 1481 1252 1530 videtur.

122 1567 182 1612 τον,
196 1552 296 1611 istros,
311 1543 407 1613 λη’ϊτον
421 1547 554 1614 ελλῇτον.
585 1551 612 1600 V
616 1550 663 1598 ol·
713 1549 1187 1615 Nequeoffenderepotertfutururn
1202 1565 1255 1600 rne-

123 1620 250 1670 cirenor.
265 1621 356 1670 citisus
372 1618 491 1682 llesych.
505 1635 526 1672 s.
538 1636 564 1670 v.
582 1619 619 1672 11.
636 1633 661 1682 p.

122 1691 182 1746 tur.
199 1689 339 1740 Ruhnken.
357 1689 444 1753 Epist.
459 1690 519 1737 crit.
534 1689 555 1740 l.
578 1704 594 1752 p
618 1690 663 1739 54.

122 1761 246 1810 Pierson.
261 1759 294 1808 sd
310 1759 394 1808 Moer.
413 1773 439 1822 p.
453 1759 504 1807 25²
518 1772 574 1822 seq.
594 1757 664 1807 edd.

124 1829 281 1880 Obserrntt.
302 1825 337 1876 ttd
356 1829 478 1877 Ammon.
499 1841 561 1892 cep.
578 1827 618 1878 lu.
638 1841 663 1890 p.

126 1899 175 1950 itt
187 1913 279 1962 seqq.,
298 1897 345 1946 ubi
361 1897 429 1948 bene
447 1897 529 1947 etiem
548 1897 582 1947 de
597 1911 663 1946 voce

124 1963 312 2030 λειτουργίας,
333 1979 403 2032 quee
422 1965 541 2017 eiusdem
555 1971 598 2016 est
612 1966 664 2014 ori-

124 2037 209 2100 piois;
224 2036 324 2099 deque
339 2036 410 2086 conl.
427 2038 515 2086 citati
529 2035 562 2086 sb
579 2034 663 2086 C.Fr.

124 2108 296 2158 Hermsuuo:
319 2104 426 2157 Griech.
455 2103 663 2156 Staetselterth.

125 2177 151 2240 5.
167 2176 211 2226 lut
228 2180 284 2228 not.
300 2175 325 2226 7.
344 2175 384 2225 Ac
402 2173 431 2226 0.
445 2174 477 2226 Ο.
494 2174 607 2224 Mueller
629 2173 664 2224 etl

123 2243 253 2310 Aeschyli
273 2244 416 2294 Eumenid.
431 2260 457 2310 p.
471 2244 513 2295 uo.
530 2243 578 2294 tet
596 2244 663 2294 bene

126 2315 262 2374 obeervst,
276 2314 349 2379 epod
355 2313 474 2364 Graecos
486 2315 578 2378 prisco
593 2329 665 2364 more

126 2399 352 2449 unumquemque.
364 2384 411 2448 qui
424 2383 507 2436 elium
521 2383 664 2434 intersece-

124 2454 308 2515 rit,contiuuo
320 2453 354 2502 ab
363 2453 488 2504 omnihus
497 2453 565 2504 locis
578 2454 666 2502 eucrie

126 2530 176 2574 aut
189 2522 376 2587 communibus
389 2522 473 2573 luisse
484 2522 665 2587 prohibitum

125 2593 195 2644 uude
215 2591 420 2656 explicandum,
441 2593 512 2657 quod
526 2592 570 2642 vel
592 2593 667 2656 genti

126 2663 387 2722 Athamantidsrurn,
406 2677 475 2726 quoe
492 2661 599 2726 piaculo
619 2661 668 2710 teli

127 2734 258 2783 obstricta
277 2737 363 2795 esset,
385 2733 488 2782 editum
508 2731 542 2781 sd
565 2733 667 2781 curium

127 2819 181 2852 nou
196 2803 392 2852 concesserint.
412 2801 432 2852 0
441 2817 463 2852 r.
481 2801 514 2852 de
528 2817 596 2852 voce
610 2793 668 2864 λη’ϊ-

127 2886 177 2921 τον
202 2871 320 2921 coulerri
342 2870 563 2922 voluerintne.
584 2869 666 2920 Wolf.

63 2989 65 2995 ,
128 2939 253 3004 Prolegg.
282 2929 318 2988 oi
339 2939 480 2990 Demosth.
502 2941 581 3005 cht.
606 2955 667 3005 peg.

714 1620 761 1680 dii,
770 1619 840 1684 quod
854 1619 915 1668 aliis
927 1635 1033 1685 quoque
1045 1621 1113 1670 iocis
1127 1637 1143 1668 ss
1154 1622 1255 1670 Nostro

714 1692 826 1754 passive
839 1689 1040 1749 significatione
1053 1689 1205 1739 adhibitum
1217 1689 1256 1738 in·

714 1761 837 1810 venimus
853 1757 988 1822 (111.»132.
1005 1759 1039 1820 V,
1052 1758 1095 1810 35.
1116 1760 1164 1821 vl,
1181 1759 1206 1810 9.
1226 1759 1254 1809 li

716 1825 783 1890 etc.)
809 1828 933 1893 quodque
953 1827 1023 1878 hsud
1051 1844 1111 1878 raro
1135 1830 1169 1878 eb
1193 1828 1256 1878 eliis

716 1913 822 1964 quoque
848 1898 1029 1962 scriptoribus
1062 1899 1103 1948 sic
1131 1897 1257 1948 adhiberi

715 1969 784 2018 setis
796 1965 952 2028 ostendunt,
960 1981 1030 2032 quoe
1039 1965 1257 2030 collegitltnson

717 2039 744 2088 in
766 2036 968 2086 Dissertatione
990 2035 1024 2086 de
1049 2036 1131 2085 medii
1149 2037 1256 2100 generis

716 2107 815 2157 futuris
830 2106 941 2170 passive
957 2106 1097 2171 usurpetis
1114 2105 1132 2156 λ.
1150 2105 1170 2156 λ.
1192 2119 1255 2170 pag.

716 2176 863 2228 uuit-522.
1182 2194 1186 2201 ·

750 2233 789 2302 cic
800 2258 829 2293 τε
844 2237 883 2292 ἔτι
896 2239 969 2306 πρὸς
981 2234 1118 2309 τούτοισι]
1133 2242 1257 2294 Gsislor·

716 2315 776 2366 dius
789 2314 953 2364 coniunctim
963 2314 1074 2378 scripsit
1084 2302 1167 2370 α’ίστες
1182 2313 1258 2378 equi-

717 2385 776 2435 ‹lem
792 2372 830 2440 ύς
856 2397 885 2432 τε
917 2382 1005 2448 (cuius
1034 2381 1093 2434 loco
1117 2382 1258 2434 Belskerus

717 2455 793 2505 dedit
820 2443 862 2510 oie
883 2445 928 2517 τ’)
955 2453 1073 2502 retinere
1097 2451 1179 2502 melei
1197 2467 1258 2503 curu

717 2522 915 2588 Weeseliugio,
942 2523 988 2587 qui
1012 2523 1080 2573 bene
1105 2522 1199 2584 docet,
1220 2513 1259 2580 ὡς

717 2595 878 2645 continuere
888 2591 934 2642 hic
946 2593 1130 2642 narrationem
1143 2590 1200 2641 των
1212 2607 1259 2640 κα-

717 2654 898 2726 τηγεαύνων,
924 2677 994 2727 quae
1015 2661 1150 2725 incipieus
1167 2662 1259 2713 verbis

719 2723 757 2789 ὡς
777 2723 902 2793 Ἀθάμας
917 2747 943 2782 κ.
963 2747 986 2784 τ.
1005 2731 1028 2781 λ.
1048 2747 1110 2781 rnox
1129 2737 1259 2796 pergatur

719 2803 807 2854 verbis
829 2794 873 2857 ὡς
896 2792 925 2850 ἐκ
946 2800 1130 2862 θεοπροπίου
1148 2817 1173 2849 κ.
1185 2816 1209 2854 τ.
1225 2803 1260 2864 λ.,-

720 2879 803 2938 etque
820 2861 859 2930 ύς
870 2864 899 2918 τ’
915 2863 954 2920 ἔτι
965 2863 1166 2933 aeternornm
1178 2869 1260 2937 (quae

720 2943 836 2994 iornrule
859 2942 942 2992 etiem
966 2942 1047 2991 obvie
1072 2941 1129 3002 ΙΙΙ,
1146 2942 1190 2994 65.
1211 2943 1259 3002 IX,

128 3008 266 3060 LXXXVI
280 3014 336 3058 not.
351 3009 394 3060 59.
433 3010 481 3072 Ac,
500 3025 535 3059 ue
552 3009 667 3067 mireris,

722 3012 783 3078 110)
802 3027 835 3062 so
853 3011 969 3078 denique
988 3003 1026 3068 eie
1044 3003 1151 3060 θύεταί
1165 3024 1207 3061 τε.
1226 3038 1259 3048 -

130 3077 238 3129 exstitit
259 3092 358 3141 nuper,
383 3079 431 3142 qui
456 3093 538 3130 voces
561 3071 669 3142 λήϊτον,

719 3083 772 3132 Pro
785 3075 907 3131 τουτέων
920 3081 1018 3146 scripsi
1029 3073 1149 3133 τούτων.
1169 3081 1210 3131 sd
1222 3080 1260 3131 λο-

129 3141 237 3208 λάϊτον,
252 3146 350 3198 Ltium
361 3146 396 3196 ed
409 3161 490 3197 uuam
505 3148 617 3214 stirpem
630 3163 671 3198 re·
719 3153 857 3202 cntionem
888 3142 1060 3199 ἁλίσκωνται
1095 3143 1261 3208 ἐσελθόντες

130 3215 226 3268 lerretl
256 3269 269 3293 ἱ
324 3276 330 3292 .
478 3276 485 3294 Ι
721 3221 794 3272 cous.
812 3224 880 3270 nott.
894 3219 930 3269 sd
944 3221 966 3284 Ι,
983 3218 1043 3270 209.

165 3279 268 3347 πρλνη
287 3279 431 3332 θύσεσθαι
450 3281 544 3349 μελλη]
567 3286 671 3348 „prino
757 3283 795 3346 τίς
807 3279 913 3350 θύεταί
922 3301 963 3350 τε,
984 3280 1131 3352 ἐξηγέοντο
1145 3303 1170 3340 κ.
1185 3303 1207 3338 τ.
1223 3288 1261 3355 λ]

130 3371 203 3421 quom
216 3356 253 3405 od
264 3369 335 3404 arom
346 3353 460 3413 ducator,
475 3353 517 3404 ubi
526 3355 671 3406 mactandus
722 3359 868 3411 structure
889 3359 1021 3408 orationis
1043 3359 1130 3424 magis
1154 3373 1262 3409 sensum

131 3425 201 3476 est.“
218 3425 263 3476 Ite
278 3423 509 3504 Schneiglopeus.,
526 3424 572 3487 qui
589 3425 671 3473 etism
723 3444 803 3495 quern
821 3443 948 3478 uumeroe
965 3429 1158 3493 grammaticos
1175 3429 1263 3494 respi-

131 3511 206 3561 seqq.
217 3495 301 3545 verba
312 3489 411 3571 πολλοί
423 3489 480 3557 ηδη
494 3491 549 3540 τῶν
560 3487 672 3556 μελλύν-
722 3501 778 3560 cit,
806 3499 828 3548 si
847 3497 955 3563 quidem
975 3497 1137 3549 antecedens
1159 3497 1263 3561 plureis

130 3579 187 3613 των
206 3558 314 3612 τούτων
333 3561 478 3612 θύσεσθαι
507 3563 671 3627 interprete·
722 3559 886 3623 insilientes·
894 3567 996 3632 excipit
1006 3559 1267 3632 singulareoicilu'r-

132 3638 188 3684 tur:
216 3636 304 3683 multos
324 3648 360 3683 εν
375 3633 427 3699 lic,
445 3634 488 3698 ηαί
499 3635 534 3682 ita
547 3633 674 3682 mactandi
722 3636 771 3687 ταί
786 3650 814 3685 τε
829 3634 894 3694 πᾶς.
928 3637 1172 3690 Necismeutslie
1190 3639 1265 3688 inso-
1334 3677 1339 3687 .

129 3704 246 3766 fuissent,
263 3707 290 3752 et
309 3703 423 3754 inferius
440 3697 478 3760 ὠς
493 3696 606 3766 θύεται,
620 3718 671 3754 eron
722 3709 773 3758 lite
789 3722 849 3758 esee
865 3707 955 3772 quivis
971 3707 1111 3758 concedet.
1145 3709 1264 3760 Verbum

132 3773 253 3834 mactari,
278 3771 318 3820 ite
342 3777 373 3822 ut
397 3774 508 3823 verbum
527 3764 671 3822 θύσεσθαι
723 3770 871 3840 ἐξηγέοντο
890 3777 917 3826 λιι
932 3777 1020 3828 medis
1035 3778 1158 3828 oratione
1182 3779 1266 3827 inter-

132 3841 239 3906 pessivi
261 3841 372 3892 notione
401 3843 565 3907 accipietur:
601 3841 672 3905 quod
723 3846 914 3913 positumest,
935 3847 1086 3910 respiciens
1105 3847 1265 3897 edentece-

134 3911 205 3960 idern
233 3911 311 3974 ponit
329 3912 431 3962 lenson
458 3913 487 3961 in
512 3910 626 3963 Jahrbb,
652 3911 671 3960 i.
723 3917 790 3967 dens
811 3907 1063 3980 ἔλεγον-λύγον,
1089 3915 1160 3982 ηοοιλ
1183 3915 1264 3964 nimis

133 3976 231 4030 Philol.
245 3995 271 4030 u.
285 3979 405 4044 Peedeg.
419 3980 513 4046 suppl.
528 3980 588 4031 Vol.
596 3980 672 4031 XIX.
724 3988 854 4037 remotum
873 3983 919 4035 hic
938 3986 1019 4050 quasi
1033 3985 1173 4048 repetitur.
1209 3980 1266 4040 πολς

134 4064 198 4115 οὓς.
210 4047 271 4101 509.
290 4049 350 4101 519.
373 4051 438 4100 Fuit
454 4067 516 4101 cum
534 4051 568 4100 de
584 4051 676 4100 teiln
726 4053 877 4119 Schweigh.
895 4053 966 4118 (curn
981 4053 1081 4120 Geisf.)
1100 4055 1175 4119 prius
1188 4053 1266 4104 intel·

135 4121 285 4184 cogitarem
309 4119 437 4179 notione,
469 4135 523 4184 qut
546 4116 676 4169 θύεσθαι
725 4124 1264 4188 lexitunosquisqoe,postssveroinLex.

136 4189 263 4253 frequens
277 4190 348 4254 spud
360 4189 528 4240 Herodotum
543 4205 603 4240 esse
621 4205 677 4239 mo·
726 4193 829 4244 Herod.
844 4191 894 4256 (ΙΙ.
907 4209 935 4258 p.
947 4191 1007 4258 188)
1023 4191 1118 4242 meluit
1132 4209 1190 4244 cum
1201 4191 1265 4244 Vel·

137 4257 229 4308 uuiel
247 4258 395 4323 vl1,189,
414 4259 497 4309 itaut
515 4259 612 4324 cuique
631 4273 678 4324 po·
726 4263 806 4313 elren.
835 4263 958 4327 accipere
988 4269 1072 4315 λολνιιι.
1115 4263 1169 4326 Qui
1195 4263 1264 4314 idern

136 4333 269 4378 sterorum
301 4328 475 4379 Athamantis
518 4329 676 4394 impositum
726 4331 823 4383 anck.
848 4332 884 4382 sd
910 4347 993 4384 voces
1020 4325 1152 4395 στέμμασι
1175 4346 1264 4382 ποκα-

136 4397 235 4463 iuerit,
253 4399 286 4449 ut
309 4399 368 4464 ipse
386 4398 521 4450 hominem
546 4400 677 4465 ianuem
727 4396 808 4460 σθελς
819 4400 917 4468 (insulis
925 4399 1068 4467 coopertos)
1077 4402 1195 4454 conferri
1204 4401 1265 4455 vnit
