3010 4966
224 371 283 436 1⁸26
653 370 914 434 HERODO'I'I

222 551 282 618 τοῦ
295 551 419 637 φυλῆς·
441 544 546 634 ταύτῃ
567 545 603 614 di
625 543 661 614 τὸ
682 543 809 635 οὔνομα
830 541 895 614 ᾶαὸ
918 548 975 632 τῆς
989 546 1116 614 ἑωυτοῦ
1130 540 1231 633 ἀρχῆς
1245 551 1351 615 ἔθετο.

221 643 313 722 οὗτοι
333 652 395 740 μὲν
415 648 456 738 δὴ
474 647 639 738 Ἀρχέλαοι
659 651 850 735 ἐκαλέοντο,
873 652 978 736 ἕτεροι
1000 647 1036 716 δὲ
1049 643 1178 734 Ὑᾶται,
1198 646 1293 718 ἄλλοι
1314 649 1352 718 δὲ

219 753 384 841 Ὀνεᾶται,
411 756 517 841 ἕτεροι
538 752 574 820 δὲ
590 757 775 842 Χοιρεᾶται.
819 751 971 821 Τούτοισι
993 765 1077 820 τοῖσι
1101 748 1263 843 οὐνόμασι
1285 755 1353 820 τᾶν

222 860 359 948 φυλέων
372 859 533 946 ἐχρέωντο
546 861 581 924 ολ
592 856 794 944 Σικυώνιοι,
814 857 870 926 καὶ
890 857 944 924 ἐπὶ
958 858 1180 937 Κλεισθένεος
1194 854 1352 944 ἄρχοντος

223 964 279 1032 καὶ
292 964 422 1031 ἐκείνου
436 963 637 1048 τεθνεῶτος,
659 967 706 1030 ἔτι
726 956 781 1030 ἐπ’
796 967 869 1028 ἔτεα
883 958 1055 1047 ἑξήκοντα·
1085 961 1258 1047 μετέπειτα
1272 962 1350 1048 μέν·

222 1094 272 1134 τοι
287 1063 387 1154 λόγον
401 1071 495 1152 σφίσι
511 1063 624 1144 δόντες
647 1067 829 1153 μετέβαλον
850 1066 882 1142 ές
896 1061 973 1143 τούς
991 1059 1121 1140 Ὑλλέας
1135 1065 1190 1132 καὶ
1206 1063 1350 1153 Herped-

222 1178 300 1249 λους
327 1171 383 1238 καὶ
403 1168 623 1258 Δυμανάτας·
654 1166 829 1256 τετάρτους
860 1165 896 1235 δέ
917 1164 1046 1236 αὐτοῖσι
1070 1171 1275 1252 προσέθεντο
1297 1169 1351 1236 ἐπὶ

221 1277 281 1342 τοῦ
306 1269 485 1362 Ἀδρήστου
504 1270 622 1352 παιδὸς
643 1273 834 1360 Αἰγιαλέος,
861 1268 922 1359 τὴν
945 1273 1138 1359 ἐπωνυμίην
1159 1269 1350 1361 ποιεύμενοι

221 1381 403 1465 κεκλῆσθαι
418 1379 605 1462 Αἰγιαλέας.

221 1576 381 1640 peregrinae
393 1575 487 1639 stirpis
503 1573 587 1626 luisse
600 1575 644 1626 vel
656 1591 688 1626 eo
700 1589 761 1640 pre·
812 1574 935 1638 credam,
951 1571 1052 1623 nnllam
1067 1570 1146 1622 video
1160 1583 1278 1620 causam.
1309 1569 1349 1620 Ae
1440 1615 1446 1624 ,

222 1647 317 1707 batur,
343 1643 413 1709 quod
437 1645 495 1709 ipse
521 1643 687 1709 Clisthenes,
715 1645 761 1709 qui
811 1644 919 1696 videtur
942 1645 1036 1708 utique
1056 1647 1204 1707 tyrannus,
1233 1638 1296 1690 odio
1320 1639 1349 1688 iu

220 1713 283 1764 huic
295 1715 379 1764 tribui
392 1712 546 1778 adscriptus
558 1720 630 1778 eret,
643 1715 760 1780 peregri·
811 1715 956 1779 optimates
970 1729 1002 1763 ac
1018 1712 1122 1762 nobiles
1139 1711 1251 1772 eluctus,
1265 1723 1349 1774 penes

220 1798 272 1834 nna
283 1781 349 1846 init,
364 1783 451 1834 Deras
463 1799 544 1844 vero,
562 1799 595 1836 ne
610 1785 671 1850 quis
684 1799 760 1849 pere·
810 1799 878 1852 qqes
896 1784 924 1833 in
943 1783 1045 1833 Dorum
1062 1780 1225 1832 civitatibus
1244 1793 1348 1830 summa

221 1854 312 1918 grinns
326 1854 383 1903 suis
395 1853 532 1918 gentibus,
546 1869 616 1919 qnae
629 1853 691 1904 inde
703 1852 760 1918 pol·
809 1869 899 1904 rerum
920 1857 979 1903 erat
999 1857 1028 1904 et
1047 1867 1064 1902 a
1086 1851 1186 1916 quibus
1207 1847 1272 1901 solis
1294 1849 1348 1913 ipsi

219 1923 358 1972 lucrentur
374 1929 402 1972 et
417 1924 638 1988 inquinarentur,
658 1923 759 1974 adseri·
809 1922 956 1974 timendum
968 1925 1035 1986 erat,
1050 1921 1091 1972 sic
1104 1921 1203 1986 egisse,
1216 1925 1246 1970 ut
1259 1919 1286 1967 in
1300 1933 1349 1983 op-

219 1993 340 2055 beretnr,
363 1991 456 2043 sedulo
468 1993 574 2043 cavisse
588 1993 757 2044 notissimum

220 2066 271 2112 est.
292 2061 363 2112 Suae
377 2063 461 2127 igitur
473 2063 559 2112 tribui
569 2067 699 2126 tyrannus
707 2061 757 2113 he-

220 2133 293 2182 neris
310 2131 417 2196 plenum
436 2131 535 2182 indidit
555 2131 678 2182 titulum:
701 2124 757 2194 ’Ap-

220 2197 329 2266 2s'luer,
343 2202 360 2251 i.
376 2217 399 2252 e.
412 2203 527 2264 populum
539 2211 666 2268 repentes,
687 2204 757 2266 prin·

218 2274 300 2336 cipes,
321 2273 397 2321 duces
415 2274 514 2334 populi,
537 2273 611 2322 utin
630 2271 758 2336 Aeschyli

217 2341 375 2406 Agamemn.
390 2341 440 2392 302
455 2341 562 2393 debelii
575 2341 678 2392 (lucibus
690 2339 757 2392 haec

218 2426 271 2460 vox
290 2411 448 2474 adhibetur,
469 2416 496 2461 et
515 2403 633 2476 ἀρχέλας
653 2411 681 2459 in
698 2412 757 2461 Ari·

217 2480 344 2546 stephan.
357 2483 426 2546 qu.
440 2482 498 2532 rer.
532 2480 654 2546 Reliquis
673 2481 758 2530 tribu·

216 2549 266 2602 bns
277 2551 384 2601 Derieis
392 2550 449 2600 alia
457 2567 505 2616 per
514 2553 698 2616 contemptum
710 2551 758 2600 im·

217 2621 308 2686 posuit
330 2620 439 2669 nomina
459 2636 476 2670 a
494 2635 553 2682 sne,
573 2621 659 2680 esino,
678 2633 756 2681 porco

216 2679 455 2753 repetita‘Teirorr,
473 2679 617 2752 Ὀνεᾶται,
637 2685 758 2750 Χοιρεᾶ-

217 2772 272 2807 ται.
296 2755 447 2807 vernacule
463 2757 502 2807 sic
514 2757 631 2807 reddidit
646 2757 755 2808 Curtius

218 2825 336 2889 (Grieeh.
352 2825 449 2876 Geseb.
468 2825 492 2875 1.
509 2841 535 2890 p.
553 2826 627 2890 alm:
647 2825 755 2878 Schwei-

214 2893 316 2956 rrichrn,
335 2893 479 2959 Eselinper,
500 2895 699 2958 Parhedrum,
720 2897 754 2947 ad

216 2963 271 3014 cibi
290 2963 420 3014 rationem
442 2963 542 3015 haecce
564 2966 674 3015 nomina
695 2982 754 3030 spe-

215 3037 291 3084 ctare
304 3035 419 3098 opinens
433 3034 549 3086 deducta
561 3034 639 3086 abiis
653 3036 754 3086 anima-

214 3101 296 3166 libus,
310 3118 378 3168 quae
388 3105 499 3156 Ionibus
510 3105 599 3170 pisces
611 3103 754 3158 edentibus

216 3173 331 3223 maxime
357 3175 448 3226 invisa
473 3173 588 3239 fuerint,
614 3179 698 3241 atque
720 3177 754 3228 de

216 3243 290 3292 omni
300 3243 431 3294 Herodoti
442 3246 597 3296 narratione
608 3245 753 3298 dubitans:

215 3312 242 3361 in
258 3327 311 3378 que
324 3329 384 3364 eum
398 3331 451 3365 non
463 3318 547 3381 magia
561 3331 661 3382 sequar
673 3332 754 3382 quarn

216 3381 244 3432 0.
252 3383 284 3433 Ο.
293 3383 450 3434 Muellerum
459 3385 525 3435 Der.
535 3387 570 3435 ll.
579 3402 605 3451 p.
614 3386 648 3437 ee
660 3386 720 3438 cell.
730 3388 752 3441 1.

213 3453 340 3572 einr?
357 3453 753 3590 nrrrlnnrrlnrrr

214 3592 260 3658 qui
278 3591 376 3642 haecce
394 3595 504 3644 nomina
520 3594 629 3645 minime
648 3599 676 3644 iu
688 3613 753 3646 cen·

212 3661 353 3713 tumeliam
376 3662 502 3714 tribubus
524 3664 634 3714 Derieis
657 3680 674 3714 a
699 3665 753 3714 Cli-

213 3731 308 3784 stbene
327 3733 454 3796 imposita
473 3747 532 3784 esse
546 3740 639 3785 censet
652 3735 751 3799 ipsum-

213 3819 264 3868 que
286 3801 451 3852 Herorlotum
474 3808 558 3868 negat
581 3803 751 3869 respublicas

213 3879 286 3922 recte
307 3872 458 3922 diiudicare
474 3874 610 3938 potuisse,
635 3889 696 3924 eum
718 3889 750 3925 eo

213 3943 304 4006 potins
320 3946 459 4007 spectasse
472 3941 635 3992 Clisthenem
653 3943 751 4007 preba-

214 4012 269 4062 bile
279 4012 330 4074 ait,
346 4017 377 4062 ut
389 4013 475 4062 Deres
487 4011 583 4061 relicta
599 4011 664 4062 urbe
676 4013 750 4078 agris

213 4080 333 4132 colendis
358 4081 538 4148 gregibusque
561 4081 665 4132 alendis
688 4098 752 4147 ope-

212 4167 269 4202 ram
286 4153 351 4202 dare
363 4157 485 4216 cogeret,
502 4150 611 4216 nequid
630 4152 682 4216 ipsi
697 4167 752 4202 em·

213 4220 286 4287 plius
306 4221 340 4270 ab
360 4222 414 4272 illis
434 4222 500 4272 urbe
519 4220 631 4270 inclusis
657 4223 751 4272 timen-

213 4291 276 4342 dum
292 4291 372 4343 foret.
408 4291 539 4357 Equidem
559 4292 692 4341 tamenin
710 4297 751 4342 ta-

213 4360 283 4412 libus
290 4361 429 4412 llerodoto
438 4377 486 4412 cur
496 4361 614 4412 diffidam
625 4361 751 4414 eundern·

214 4446 265 4500 que
287 4429 374 4482 minus
397 4437 471 4483 recte
490 4431 523 4484 de
541 4431 583 4484 bis
603 4432 750 4486 tradidisse

807 1994 946 2059 probrinm
957 1995 1076 2043 verteret
1095 1990 1205 2041 nomina
1221 1988 1348 2051 tribuum,

808 2078 874 2128 quas
889 2064 924 2112 ab
939 2063 998 2126 ipso
1015 2067 1141 2112 servatas
1156 2075 1215 2110 esse
1232 2059 1275 2108 hic
1290 2058 1348 2122 ipae

806 2133 883 2184 locus
903 2131 1037 2192 declaret,
1067 2131 1115 2181 aed
1133 2134 1228 2180 auctas
1249 2133 1348 2193 quarta

807 2203 894 2264 tribu,
912 2217 992 2267 quam
1004 2201 1116 2266 reliquis
1130 2199 1208 2265 quasi
1220 2197 1347 2264 praefice·

807 2277 865 2336 ret,
886 2278 914 2324 et
928 2274 956 2321 in
970 2287 1064 2337 quarn,
1087 2267 1219 2335 quidquid
1231 2268 1347 2318 Doricae

806 2343 902 2408 stirpis
912 2357 965 2392 neu
978 2347 1065 2402 esset,
1079 2339 1229 2405 reciperet,
1243 2337 1270 2387 id
1283 2353 1348 2402 quo·

808 2427 860 2478 que
878 2417 1020 2478 spectans,
1042 2416 1072 2460 nt
1089 2411 1171 2460 trium
1185 2409 1346 2458 Doriearum

807 2483 924 2532 tribuum
939 2481 994 2532 vim
1012 2495 1044 2531 eo
1059 2479 1155 2530 melius
1169 2479 1306 2542 frangeret
1318 2481 1346 2526 et

807 2553 970 2602 contineret.

842 2613 928 2686 λόγον
949 2631 1029 2684 σφισι
1050 2607 1159 2682 δόντες]
1180 2615 1259 2669 (loni.
1274 2621 1344 2668 nott.

807 2689 842 2741 ad
852 2691 890 2752 Il,
905 2690 963 2744 162.
989 2691 1064 2752 Quae
1075 2691 1224 2753 sequuntur
1234 2687 1346 2737 Dorica-

807 2776 866 2811 rum
880 2761 998 2810 tribuum
1013 2758 1140 2820 nemina,
1154 2757 1347 2823 antiquissime

805 2830 852 2880 illa
870 2835 933 2881 sunt
952 2835 980 2880 et
1003 2829 1033 2878 in
1054 2842 1216 2894 unaquaque
1235 2827 1347 2878 civitate

805 2901 907 2951 Dorica
926 2899 1023 2960 obvia,
1040 2902 1071 2947 nt
1088 2913 1170 2962 supra
1185 2897 1344 2948 monuimus.

805 2971 846 3021 De
859 2969 957 3037 quibus
969 2968 1024 3018 vid.
1041 2966 1071 3018 0.
1086 2967 1118 3018 0.
1133 2967 1259 3017 Mueller:
1277 2966 1343 3017 Dor.

804 3039 842 3090 11.
857 3055 917 3105 pag.
937 3040 970 3090 75
987 3053 1077 3102 seqq,
1098 3035 1177 3088 m.
1193 3037 1343 3087 Hermannr

804 3109 946 3161 Lehrbuclr
959 3114 1010 3158 etc.
1029 3108 1053 3170 t.
1068 3107 1110 3158 20.
1127 3112 1184 3157 not.
1200 3107 1257 3168 ll.,
1277 3107 1344 3156 Kor-

804 3181 872 3234 tiim.
893 3179 934 3228 in:
960 3177 1107 3229 Schlosser.
1131 3181 1158 3226 et
1172 3176 1279 3226 Bercbt.
1295 3178 1344 3226 Ar-

805 3249 875 3300 cbiv.
892 3249 924 3298 Τ.
940 3248 978 3298 1v
1001 3263 1063 3312 pag.
1079 3245 1216 3299 lai-143
1234 3251 1262 3297 et
1274 3260 1343 3312 quae

803 3319 860 3369 alia
882 3333 965 3384 supra
985 3319 1020 3367 ad
1037 3317 1090 3378 IV,
1110 3317 1157 3366 145
1171 3317 1226 3366 iarn
1249 3315 1343 3366 attuli-

804 3405 872 3441 mus.
902 3389 1016 3452 Scripsit
1028 3387 1061 3437 de
1075 3386 1118 3437 bis
1128 3401 1235 3452 queque
1244 3385 1343 3437 Grote:

804 3459 912 3510 Grieeh.
934 3456 1047 3521 Mytlrol.
1069 3471 1096 3508 n.
1117 3457 1230 3522 Antiqq.
1253 3456 1296 3518 ll,
1315 3456 1341 3507 li.

803 3529 848 3594 (Τ.
860 3528 898 3578 11.
912 3543 939 3592 p.
950 3527 1000 3579 een
1013 3542 1069 3591 seq.
1085 3541 1099 3575 e
1112 3541 1184 3577 vers.
1196 3525 1343 3587 Fischerl).

803 3599 862 3649 Hoc
876 3613 958 3648 unum
974 3597 1018 3646 hic
1035 3595 1133 3646 addere
1149 3594 1239 3658 lubet,
1258 3596 1343 3645 liero-

803 3668 861 3718 doti
883 3668 1040 3732 Dyrnonrrioe
1063 3665 1135 3731 apud
1158 3663 1227 3716 alles
1249 3665 1343 3714 vecari

802 3739 941 3804 Ιλμνιανετ,
956 3741 987 3786 ut
1000 3753 1024 3786 v.
1039 3751 1063 3790 e.
1079 3736 1151 3800 apud
1165 3735 1258 3800 Steph.
1275 3735 1340 3800 Bya.

801 3823 824 3856 s.
840 3823 865 3858 r.
880 3803 981 3870 Δυμᾶν
996 3821 1021 3870 p.
1037 3806 1096 3856 312.
1133 3805 1236 3867 Quibus
1256 3806 1340 3854 ternis

800 3877 926 3927 tribubus
946 3881 1044 3942 quarta
1060 3875 1083 3925 si
1101 3877 1232 3938 accessit,
1249 3890 1282 3925 ea
1298 3872 1341 3924 rel

800 3949 1002 4012 peregrinorum
1016 3948 1043 3994 in
1061 3944 1202 3995 civitatem
1217 3948 1340 4010 recepte-

801 4033 858 4066 rum
875 4017 960 4066 fuisse
978 4013 1120 4080 probabile
1136 4020 1190 4078 est,
1213 4013 1256 4066 vel
1271 4013 1340 4063 indi·

801 4101 897 4151 genam
910 4085 1026 4146 tribum,
1045 4100 1113 4150 quac
1127 4087 1231 4150 priores
1251 4089 1340 4134 terrae

801 4157 905 4207 incolas
916 4172 933 4206 a
943 4155 1062 4205 Deribus
1074 4155 1266 4206 insedentibus
1279 4153 1340 4204 sub·

801 4229 878 4277 actos
896 4224 1102 4290 complectatur.
1139 4224 1253 4286 Qualem
1268 4221 1338 4272 hnnc

801 4295 888 4360 ipsam
912 4295 1098 4358 Aeginiensem
1125 4293 1210 4344 inisse
1239 4291 1337 4342 statui·

800 4381 874 4428 mus,
886 4365 921 4416 ab
933 4367 1069 4432 Αερίολιο,
1082 4364 1195 4416 Adrasti
1208 4361 1275 4424 lilio,
1291 4360 1337 4411 de-

800 4435 979 4500 nominatam,
1001 4451 1062 4488 cem
1083 4436 1143 4504 ipsa
1158 4433 1222 4488 olim
1235 4432 1337 4502 Sicyon
