2994 4980
247 363 308 426 630
679 357 942 419 HERODO'PI

247 543 555 626 προσυμμίσγοντες
573 530 610 602 τό
631 529 726 620 ὕδωρ
747 531 869 611 πάντες
884 535 915 611 ἐς
929 527 1054 600 τώυτό·
1085 528 1189 600 ἐτεόν
1208 529 1245 599 di
1261 551 1383 618 συμμι-

190 711 196 723 ‚
247 643 374 730 χθέωσι
395 640 546 726 τάχιστα,
572 640 734 706 ἐνθεῦτεν
751 634 815 724 ἤδη
836 631 1012 723 όΠηνειὸς
1035 639 1081 727 τῷ
1102 631 1266 722 οὐνόματι
1281 659 1385 702 κατα-

248 746 398 834 κρατέων
418 739 616 828 ἀνωνύμους
636 737 713 819 τούς
727 738 848 820 ἄλλους
869 737 956 807 εἶναι
970 739 1085 807 ποιέει.
1127 735 1171 806 Τό
1187 737 1224 805 di
1238 736 1388 806 παλαιόν

250 852 398 934 λέγεται,
413 841 475 914 οὐκ
489 845 600 923 ἐόντος
615 871 661 911 κω
676 849 735 910 τοῦ
748 840 898 921 αὐλῶνος
912 842 967 909 καὶ
982 837 1138 930 διεκρόου
1152 839 1293 927 τούτου,
1311 839 1388 920 τούς

250 947 417 1038 ποταμοὺς
433 945 589 1033 τούτους,
606 948 661 1016 καὶ
677 945 759 1034 πρὸς
773 962 858 1015 τοῖσι
875 959 1053 1032 ποταμοῖσι
1067 943 1214 1013 τούτοισι
1227 941 1293 1032 τὴν
1311 953 1387 1012 Βοι-

250 1151 330 1202 modo
342 1154 384 1200 est
396 1164 429 1200 ex
441 1147 496 1197 illis
505 1145 624 1211 fluviis),
639 1151 670 1197 ul
684 1148 737 1196 iam
749 1162 790 1196 re·
842 1145 934 1196 cultus
953 1149 995 1195 est
1013 1143 1080 1209 (vid.
1095 1143 1179 1194 allata
1193 1159 1209 1193 a
1223 1143 1256 1194 C.
1269 1145 1306 1193 P.
1322 1145 1390 1194 Her-

250 1220 318 1286 liqni
339 1219 414 1269 fluvii
439 1233 518 1267 suurn
539 1217 639 1281 quique
663 1218 792 1266 amittant
842 1230 940 1264 manno
953 1219 980 1264 ot
992 1215 1023 1264 B.
1036 1213 1390 1265 Starlrio:Gottesdieusll.

251 1305 349 1340 nomen
363 1301 498 1350 unumque
509 1287 591 1335 Penei
602 1285 731 1334 audiatur
745 1299 792 1333 no·
841 1283 1003 1334 Alterthiim.
1022 1289 1073 1334 etc.
1091 1287 1116 1346 ξ.
1132 1284 1174 1334 ol.
1195 1289 1254 1333 not.
1275 1282 1327 1346 34)
1352 1285 1391 1348 ip·

252 1373 322 1408 meu.
350 1358 403 1407 Pro
417 1356 490 1420 vulg.
503 1351 593 1402 ποιέει
607 1346 790 1418 sivor,quam
842 1369 956 1419 sumque
975 1368 1123 1418 cognomen
1144 1350 1288 1414 Πετραίου
1311 1367 1389 1404 acce·

251 1429 314 1478 iude
332 1442 349 1475 a
368 1425 493 1475 Belrlrero
510 1428 624 1472 recenti.
645 1423 705 1473 odd.
728 1422 807 1472 rati»
843 1427 899 1488 pit,
916 1427 939 1472 ei
955 1439 1020 1474 vera
1033 1422 1144 1472 tradunt
1153 1420 1261 1472 scholia
1273 1423 1313 1472 ad
1329 1423 1391 1473 Piu-

202 1513 210 1522 ··
251 1494 505 1558 nlrerunt,oquidcm
516 1491 792 1557 cumSchweighasu-
843 1493 900 1544 dar.
915 1493 995 1558 Pyth.
1009 1493 1058 1554 IV,
1070 1494 1135 1543 tio:
1150 1489 1296 1555 Πετραῖος
1311 1491 1391 1556 τιμᾶ-

251 1580 312 1614 sero
331 1569 359 1614 et
376 1562 533 1612 Gaisiordio
551 1561 640 1612 dedis
660 1566 792 1627 quattuor
842 1577 887 1610 ται
902 1559 1051 1610 Ποσειδῶν
1063 1557 1140 1624 παρὰ
1151 1559 1331 1624 Θεσσαλοῖς,
1348 1553 1390 1611 ὅτι

251 1633 331 1684 codd.
352 1624 426 1680 εἶναι
440 1623 543 1692 ποιέει,
561 1631 597 1680 ad
619 1647 688 1696 quae
707 1631 791 1682 verba
841 1625 982 1710 όιατεμών
994 1623 1027 1678 soi
1040 1619 1093 1694 όρη
1108 1623 1142 1679 τό
1156 1623 1334 1692 Θεσσαλικά,
1352 1626 1389 1679 λε’-

252 1701 412 1764 coni.1,210
424 1701 516 1763 ibique
528 1699 623 1749 allata.
641 1700 714 1751 Oitat
725 1715 792 1765 quc·
841 1716 880 1764 γον
896 1697 932 1764 δη
946 1694 981 1748 τὰ
996 1697 1094 1764 Τέμπη
1105 1738 1110 1754 ,
1123 1696 1266 1763 πεποίηκε
1277 1695 1326 1748 δι’
1343 1691 1391 1749 αό-

251 1785 302 1836 que
323 1771 391 1821 haec
412 1769 495 1821 verba
511 1769 638 1820 Erratath.
656 1771 691 1820 ad
706 1769 748 1820 lli.
764 1785 790 1833 p.
840 1766 897 1818 τοῖν
906 1761 1062 1834 ἐπιτρέχειν
1072 1765 1122 1818 τόν
1138 1761 1271 1833 ποταμὸν
1284 1767 1391 1834 Πηνει-

251 1839 462 1901 uiuimus,
480 1839 505 1888 8.
540 1830 790 1904 lnssqq.adorire
840 1833 890 1900 ὁν,
912 1831 1052 1902 πρότερον
1074 1831 1122 1888 διὰ
1148 1832 1234 1902 μέσης
1263 1837 1321 1902 τῆς
1346 1833 1392 1888 τό

251 1935 285 1946 ·-
296 1923 324 1958 τε
335 1908 392 1959 vid.
404 1907 489 1958 allata
502 1906 537 1956 ad
550 1909 572 1954 V
576 1909 602 1970 Ι,
620 1910 641 1957 l.
839 1909 907 1965 λεως
923 1908 980 1974 (ubi
994 1907 1135 1973 legendum
1150 1901 1199 1956 διὰ
1217 1905 1313 1972 μέσης
1325 1907 1392 1959 θετ-

288 1972 328 2027 Τό
351 1970 382 2025 dl
397 1969 520 2026 παλαιόν
537 1975 644 2040 λέγεται
663 1992 687 2025 a.
706 1991 730 2028 τ,
751 1975 787 2042 l.]
839 1976 947 2041 sullae,
959 1976 1186 2028 auctoreTaielio
1199 1977 1228 2026 in
1242 1978 1389 2029 Dilucidd.

251 2047 478 2100 Pertinenthaec
498 2044 533 2094 ad
552 2061 627 2110 eam,
647 2046 792 2114 quamhu-
839 2047 992 2097 Pindarico.
1017 2047 1044 2107 1,
1062 2049 1086 2097 2.
1110 2047 1253 2112 peplin)
1286 2041 1391 2110 ῥέοντα

251 2121 294 2169 ius
314 2133 376 2181 cap.
394 2117 472 2166 initio
489 2115 588 2164 Noster
604 2115 734 2165 retulerat
751 2115 791 2163 la·
840 2112 889 2164 aul
899 2109 989 2164 πολλοὶ
999 2111 1055 2164 τοῖν
1065 2115 1176 2179 χωρίων
1190 2111 1392 2178 διαφθείρον-

252 2203 325 2238 mam
337 2187 369 2237 de
382 2183 540 2246 Thessalia,
557 2200 626 2250 quae
642 2183 719 2233 lacus
732 2199 791 2248 spe·
841 2199 889 2234 aa:
912 2200 1076 2250 quamquam
1091 2185 1173 2235 aliam
1193 2199 1313 2235 causam
1335 2203 1391 2251 pro·

253 2259 322 2308 ciem
337 2255 401 2306 olim
414 2255 582 2319 praebuerit,
598 2253 712 2304 relatam
727 2268 792 2317 quo·
841 2253 945 2318 profert
959 2254 1114 2306 Scholiasta
1130 2253 1271 2318 Apollonii
1290 2255 1393 2306 Rhodii

252 2342 304 2392 que
317 2341 333 2374 a
352 2325 485 2375 Strabone
497 2323 545 2374 1x.
559 2339 583 2387 p.
597 2323 649 2373 658
662 2323 693 2372 ll.
706 2337 727 2370 a.
739 2322 792 2372 430
843 2324 896 2384 IV,
915 2327 979 2374 l‘lll
996 2341 1012 2373 a
1025 2323 1085 2373 loco
1098 2323 1277 2384 Thessaliae,
1297 2327 1392 2390 inquo

254 2401 339 2459 atque
363 2411 396 2445 ex
423 2397 500 2458 parte
523 2391 718 2442 abliustathio
736 2390 754 2439 l.
775 2390 792 2442 l.
842 2391 900 2441 ludi
913 2393 941 2442 in
953 2393 1074 2456 Neptuni
1085 2393 1213 2443 honorem
1224 2393 1324 2444 habiti
1335 2395 1393 2446 ine·

253 2463 332 2527 Quod
348 2479 412 2515 vero
427 2469 515 2514 terrae
537 2469 624 2524 motu,
645 2476 725 2526 opere
740 2461 795 2509 Ne·
842 2462 913 2523 rint,
927 2461 1006 2511 deum
1020 2467 1146 2511 vocatum
1161 2477 1222 2511 esse
1243 2461 1395 2527 Πετραίου

252 2535 365 2598 pincio,
380 2532 524 2597 Olympum
548 2536 575 2580 et
594 2531 707 2592 Ossam,
729 2529 793 2578 clim
843 2530 978 2590 scribeus;
999 2535 1030 2580 tu
1049 2531 1106 2582 vid.
1119 2531 1258 2582 Gerherd:
1278 2534 1395 2585 Grieclr.

253 2605 429 2662 coniunctos,
450 2599 572 2650 divulsos
592 2615 625 2648 ac
650 2603 793 2662 reparatos
842 2597 992 2664 Mytholog.
1003 2599 1026 2648 I.
1044 2603 1067 2662 ξ.
1079 2600 1139 2650 232.
1155 2607 1211 2652 uot.
1227 2605 1252 2652 ².
1269 2603 1395 2654 Preller:

253 2672 418 2724 oaseNosler
428 2669 542 2730 iudicet,
552 2669 669 2732 probant
680 2667 794 2717 aliorum
843 2668 1168 2734 Griechisch.Mytholog.
1184 2672 1204 2724 l.
1218 2686 1245 2735 p.
1261 2671 1321 2723 :356
1335 2689 1395 2739 aeq.

254 2757 359 2806 quoque
383 2739 554 2796 testimonia,
589 2735 736 2786 Claudiani
759 2737 793 2786 dc
843 2737 1397 2793 Cerniturautemhocechrodotiloco

252 2813 335 2875 Rapt.
356 2811 433 2858 Pras.
455 2807 497 2869 11,
523 2805 579 2857 179.
599 2805 714 2855 Diodcr.
738 2804 793 2855 Sic.
843 2805 887 2870 (ut
911 2807 980 2857 bene
1006 2812 1096 2856 monet
1128 2807 1227 2872 lecger
1252 2810 1395 2865 Dissertt.

252 2874 792 2942 lV,lli.Philostrat.Icon.ll,ll.pug.
843 2876 963 2926 Herodd.
983 2891 1043 2941 pag.
1059 2874 1104 2940 32)
1130 2876 1251 2926 studium
1281 2879 1397 2932 altioris

252 2949 304 2998 835
316 2944 383 3008 coll.
404 2944 470 3002 831,
491 2957 560 3007 quae
578 2942 678 2992 dudum
693 2943 793 2993 aliule-
842 2961 931 2995 rernm
941 2945 1093 2995 divinarum
1102 2947 1281 3008 cognitionis.
1297 2951 1397 3016 Neque

252 3020 316 3067 runt
332 3012 467 3064 Herodoti
486 3013 661 3075 interpretem
683 3012 793 3075 probat·
843 3016 915 3064 enim
932 3014 977 3064 illo
993 3018 1021 3064 iu
1034 3014 1108 3078 vulgi
1124 3013 1333 3067 traditionibus
1350 3036 1398 3070 ae·

252 3101 303 3151 que
327 3082 413 3132 omnis
435 3079 513 3130 huius
533 3083 654 3146 regionis
676 3081 790 3146 indoles,
842 3085 962 3149 quievit,
978 3083 1025 3134 sed
1037 3083 1163 3134 altiorem
1176 3099 1264 3134 rerum
1280 3086 1399 3138 divina·

252 3152 357 3219 qualern
382 3149 425 3200 vel
445 3152 605 3201 recentioris
619 3151 722 3202 aetatis
738 3153 792 3202 viri
840 3170 899 3204 rum
914 3155 1098 3218 cognitionem
1111 3153 1253 3218 requirens
1272 3155 1400 3209 ulterius

228 3283 234 3296 .
251 3221 469 3287 peregrinatores
477 3221 561 3283 docti,
571 3221 792 3287 quossupralau-
841 3223 1011 3289 progreditur
1031 3225 1060 3274 iu
1077 3227 1203 3274 naturam
1217 3225 1400 3290 singulorum

251 3289 571 3354 davimus,repererunt.
596 3293 696 3342 Merito
708 3291 792 3352 igitur
841 3294 952 3344 deorum
966 3294 1058 3343 olvim
1073 3293 1223 3357 inquirens,
1237 3295 1290 3344 sed
1307 3299 1401 3346 tnui·

252 3360 419 3423 Neptunium
433 3375 501 3425 opus
515 3361 691 3427 praedicatur
706 3361 792 3411 Thes·
841 3378 884 3412 rua
900 3363 989 3413 ubivis
1003 3363 1127 3412 adhibila
1139 3365 1288 3414 cautione:
1305 3373 1403 3417 reete-

251 3429 335 3490 salia,
361 3430 468 3494 quando
490 3431 597 3495 quidem
617 3447 790 3496 quoscunque
842 3447 893 3496 quc
912 3432 1010 3482 dehoc
1028 3431 1088 3482 loco
1108 3433 1147 3481 ita
1164 3437 1337 3496 pronuntiat
1356 3437 1404 3486 Al-

250 3503 449 3562 terraemotus,
462 3498 576 3562 diluvia,
588 3501 789 3560 inundationes,
841 3501 911 3550 herti
932 3501 965 3550 de
979 3501 1064 3566 lough
1084 3501 1137 3565 (De
1149 3501 1292 3552 Herodoti
1306 3505 1404 3569 philo-

252 3558 790 3634 iluminumacmarisdapp'yparuNeplu-
841 3569 918 3634 suph.
933 3571 1067 3635 pag.20):
1091 3569 1154 3632 „vel
1171 3569 1253 3620 fallor
1266 3572 1319 3623 hic
1337 3577 1403 3625 exi·

252 3652 286 3686 no
299 3641 422 3688 veterum
438 3639 534 3689 tribuit
548 3641 723 3702 superstitio,
742 3639 789 3702 qui
841 3641 892 3689 mie
911 3655 1022 3704 prorsus
1045 3639 1201 3689 Herodotus
1220 3656 1330 3704 causas
1361 3661 1405 3696 re-

250 3705 314 3756 hiuc
326 3699 511 3770 Ἐνοσίγαιος,
528 3699 713 3772 Ἐνοσίηθων,
728 3706 790 3756 Σει-
841 3725 900 3758 rum
913 3711 1048 3772 proximas
1061 3725 1078 3758 a
1089 3709 1214 3774 principe
1229 3709 1281 3760 illa
1296 3713 1405 3766 divine

251 3772 371 3840 σι’χθων,
389 3773 789 3841 Κινησίχθωνειρμοηοοειιιιει
840 3794 927 3828 rernm
953 3781 1073 3829 omnium
1093 3794 1176 3829 cansa
1207 3779 1405 3846 distinguit.“

251 3859 321 3910 quae
333 3846 423 3894 omnia
436 3846 481 3896 dei
493 3847 656 3910 cognomina
671 3847 706 3896 ad
720 3847 789 3896 hanc
841 3847 919 3897 Coni.
928 3849 1010 3897 eliam
1018 3848 1115 3899 Groto:
1125 3849 1407 3912 HistoryofGreeee

251 3915 406 3980 ipsamoius
418 3919 545 3978 spectant
556 3915 611 3964 vim
623 3930 656 3964 aa
670 3919 790 3979 potesta·
841 3918 862 3966 Ι.
874 3932 936 3981 cap.
959 3917 990 3968 16
1006 3933 1066 3983 pag.
1090 3917 1141 3970 535
1159 3933 1217 3982 seq.
1239 3919 1279 3982 (1.
1297 3937 1327 3986 p.
1347 3925 1407 3974 368

252 3991 316 4046 tem,
328 3999 382 4050 qua
394 3984 464 4033 talia
477 3984 504 4033 in
516 3988 613 4034 natura
623 3983 728 4034 efficere
740 4001 788 4050 pu·
842 4003 856 4036 e
877 4001 948 4036 vers.
964 3985 1099 4050 Fischeri)
1120 3992 1147 4037 et
1162 3988 1280 4050 Ruuge:
1306 3991 1409 4044 Hero·

251 4057 371 4106 labatur.
409 4053 470 4103 Vid.
488 4053 571 4104 Diod.
591 4054 649 4112 XV.
664 4053 707 4104 49.
726 4058 788 4104 Arn-
840 4055 902 4106 dota
923 4056 1113 4106 Verbaeltuiss
1136 4073 1159 4107 a.
1176 4057 1409 4124 Vollraglauben

251 4121 466 4174 mian-Marcell.
480 4122 574 4180 XVII,
591 4123 607 4174 8
622 4123 703 4188 (quae
717 4129 789 4174 atln-
841 4123 977 4189 (Hildesh.
999 4125 1077 4190 lusu)
1098 4141 1159 4188 pag.
1175 4126 1223 4190 ll,
1241 4129 1409 4197 ipsumque

250 4195 283 4243 lit
295 4189 471 4254 Wesseliug.)
486 4196 514 4240 et
527 4193 697 4254 potissimum
708 4194 788 4244 Creu·
839 4194 1071 4244 ridllerodotum
1084 4195 1116 4243 ds
1128 4195 1225 4246 iisdem
1236 4213 1322 4248 suam
1338 4219 1409 4252 een·

251 4277 304 4310 zer.
325 4263 353 4310 iu
373 4259 492 4326 Symbol.
514 4260 565 4314 111.
586 4277 648 4327 pag.
664 4263 715 4314 260
730 4279 787 4327 seq.
839 4264 953 4312 tentiam
980 4263 1152 4328 profitentem
1179 4263 1235 4327 1x,
1257 4269 1313 4319 65:
1354 4273 1410 4336 qui

250 4329 311 4378 coll.
328 4329 386 4379 194.
402 4330 563 4384 Melslemm.
577 4333 599 4381 Ι.
613 4349 639 4397 p.
653 4331 695 4382 32.
721 4332 787 4382 lude
838 4347 906 4396 quae
916 4332 942 4382 lr.
956 4332 973 4382 l.
988 4339 1030 4383 est
1042 4334 1191 4396 professus,
1203 4335 1349 4388 indicant
1365 4343 1411 4390 vi—

250 4397 333 4446 etiam
349 4399 490 4464 Neptunus
502 4415 549 4466 per
561 4401 733 4453 Thessaliam
748 4403 787 4452 sic
837 4415 910 4464 rum,
926 4403 972 4467 qui
987 4403 1158 4468 geologorum
1175 4411 1350 4459 nostrorum
1368 4411 1409 4460 ad
