3062 4976
558 381 738 442 ERATO.
760 381 814 443 VI.
832 387 989 446 rto-rut.
1274 381 1334 442 397

201 553 335 647 ὕστεροι
352 556 389 626 δὲ
399 553 597 644 ἀπικόμενοι
608 561 665 643 τῆς
681 561 849 644 συμβολῆς
865 558 1030 642 ἱμείροντο
1041 549 1129 642 ὅμως
1143 553 1334 642 θεήσασθαι

201 659 279 741 τούς
292 661 452 749 Μήδους,
468 659 625 738 ἐλθόντες
640 659 676 727 δὲ
692 661 723 738 ἐς
738 657 797 728 τὸν
809 661 1011 747 Μαραθῶνα
1025 657 1224 744 ἐθεήσαντο·
1253 657 1335 746 μετὰ
1364 657 1369 668 “

203 765 239 833 δὲ
261 767 429 844 αἰνέοντες
458 761 659 851 Ἀθηναίους
686 764 742 830 καὶ
761 759 798 831 τδ
819 770 919 850 ἔργον
940 758 1052 829 αὐτῶν
1080 758 1333 832 ἀπαλλάσσοντο

201 866 319 937 ὀπίσω.
1301 865 1310 880 '

279 977 405 1058 Θῶυμα
420 971 461 1038 δέ
472 997 544 1058 μοι,
567 968 622 1036 καὶ
637 963 699 1035 οὐκ
716 967 892 1054 ἐνδέκομαι
905 964 965 1035 τδυ
979 964 1096 1053 λόγον,
1114 963 1331 1056 Ἀλκμαιωνί-
1344 970 1399 1032 121

203 1080 263 1155 δας
277 1072 319 1143 ἅν
334 1099 410 1143 κοτε
426 1070 583 1153 ἀναδέξαι
598 1071 747 1158 Πέρσῃσι
757 1073 803 1138 -ἐιι
816 1070 1030 1158 συνθήματος
1044 1067 1186 1156 ἀσπίδα,
1209 1079 1331 1159 βουλο-

202 1181 323 1266 μένους
342 1172 409 1246 iri
429 1174 633 1264 βαρβάροισί
649 1199 685 1241 τε
707 1172 793 1242 είυαι
817 1170 1018 1262 Ἀθηναίους
1044 1174 1100 1242 καὶ
1124 1169 1191 1243 ὑπὸ
1213 1171 1333 1263 Ἱππίῃ,

203 1285 324 1361 οἵτινες
338 1286 467 1370 μᾶλλον
486 1273 506 1366 ἦ
523 1273 643 1366 ὁμοίως
656 1284 787 1366 Καλλίῃ
802 1281 848 1369 τῷ
862 1283 1074 1360 Φαινίππου,
1093 1273 1282 1348 Ἱππονίκου
1296 1278 1333 1348 δὲ

204 1386 320 1474 πατρὶ,
342 1390 522 1471 φαίνονται
541 1379 779 1470 μισοτύραννοι
798 1380 918 1459 ἐόντες.
957 1387 1104 1467 Καλλίης
1123 1407 1159 1448 τε
1173 1380 1237 1470 γὰρ
1251 1387 1333 1469 μοῦ-

237 1573 575 1646 ὕστεροιδὲιὲιτιιιόμενοι]
592 1581 744 1646 Spartanos
793 1582 835 1631 bis
864 1581 1099 1646 persuadeamus“
1135 1581 1235 1644 (verba
1270 1587 1334 1631 sunt

204 1655 349 1705 advenisse
370 1650 406 1719 τῇ
422 1643 557 1718 ὑστεραίᾳ
577 1650 628 1714 τῆς
651 1649 744 1716 μάχης
795 1651 1012 1720 Waardenburgi
1025 1651 1066 1701 De
1082 1653 1178 1701 nativa
1191 1650 1333 1716 simplicit.

204 1723 285 1774 Pluto
299 1723 383 1773 tradit
396 1725 424 1772 in
437 1723 544 1773 Mensa.
557 1737 582 1784 p.
598 1721 651 1771 240
662 1723 689 1783 C,
713 1727 744 1771 ut
794 1721 926 1770 Herodct.
946 1736 972 1785 p.
993 1718 1065 1782 200).
1102 1721 1217 1772 Videtur
1242 1725 1333 1772 autem

205 1795 335 1844 observat
346 1791 512 1856 wesseling.
544 1791 584 1840 Ad
600 1788 661 1840 τδν
680 1790 746 1839 Μα-
794 1789 841 1840 illa
854 1790 1009 1840 criminatio
1023 1789 1136 1840 multum
1150 1791 1221 1856 apud
1237 1791 1334 1856 vulgus

205 1861 325 1928 ραθτόνα
335 1862 407 1914 coni.
416 1865 486 1913 nott.
496 1860 585 1922 stl,
602 1859 660 1912 loe.
680 1862 744 1910 Mox
794 1865 950 1924 propagata
963 1860 1047 1908 fuisse
1057 1861 1186 1926 gentique
1198 1861 1334 1910 nobilissi-

204 1935 332 1985 revocavi
346 1927 507 1986 αίνέοντες,
522 1935 553 1979 nt
569 1929 692 1996 plerique
707 1931 745 1980 fe·
795 1945 854 1979 mse
869 1929 1000 1980 invidiam
1016 1929 1153 1992 attulisse,
1171 1946 1253 1995 quarn
1269 1946 1333 1980 ean-

205 2011 270 2054 runt
297 2003 360 2052 libri
389 2016 438 2065 pro
468 1993 644 2062 niviodunus,
671 2001 745 2064 qnod
795 1999 866 2062 dem,
881 2000 997 2064 opinior,
1010 2000 1331 2064 tangitPindarusPyth.

205 2067 745 2135 Schaelcrusretiuuit,quodqueprobut
793 2069 847 2120 VII
868 2068 913 2116 dn.
949 2061 981 2116 τδ
1004 2059 1031 2115 δ’
1054 2063 1193 2132 ἄχνυμαι,
1215 2067 1332 2131 φθόνου

206 2145 247 2194 vir
263 2143 360 2191 doctiss
374 2143 402 2189 in
418 2139 480 2190 Jeu.
493 2139 563 2188 Litt.
579 2140 648 2189 Zeit.
666 2139 743 2190 1811.
793 2131 980 2203 ἀμειβόμενον
997 2130 1030 2185 τδι
1048 2129 1119 2186 καλὰ
1140 2131 1207 2202 ἔργα
1226 2138 1331 2190 sumi.
1411 2181 1414 2188 .

206 2229 247 2261 nr.
267 2214 323 2262 lot.
337 2223 397 2276 pag.
415 2207 476 2259 376.
794 2207 1333 2272 IndequoqueHerodotusvideturDshl·

553 2277 556 2280 ’
796 2291 893 2327 manno
907 2275 1050 2341 (Herodot.
1066 2292 1094 2341 p.
1106 2275 1151 2338 58)
1165 2278 1192 2326 iu
1205 2277 1248 2339 iis,
1261 2293 1331 2342 quae

385 2381 452 2432 σν·
469 2379 566 2430 0²³¹·
795 2345 1245 2481 tttulnsuuuuu
1260 2361 1333 2466 tit

242 2484 347 2549 Θτδυμα
357 2478 389 2534 δέ
398 2497 456 2547 μοι,
469 2478 516 2530 καὶ
529 2474 581 2531 edu
594 2472 743 2546 ἐνδέκομαι
794 2487 926 2536 stratidss
935 2485 1332 2550 invidiiodioquepremeutcm

206 2550 257 2605 τὸν
269 2549 365 2620 λόγον]
384 2555 486 2617 'iungit
499 2553 657 2602 Herodotea
671 2553 745 2604 Plut.
795 2571 893 2621 sparsa
913 2554 1024 2606 suerint.
1054 2555 1187 2620 Equidem
1210 2555 1333 2606 Herodo-

207 2627 245 2678 ll.
265 2643 290 2690 p.
307 2624 357 2675 862
378 2624 401 2672 Ε
420 2637 461 2688 sq.
485 2621 588 2672 Eadem
616 2622 672 2672 iere
696 2623 744 2685 vl,
795 2631 853 2676 tum
869 2625 1074 2690 iniis,qnaeh.
1092 2625 1108 2674 l.
1130 2625 1332 2676 tradiletcou-

209 2695 271 2747 123:
287 2693 392 2757 θιδυμα
405 2681 446 2770 ὧν
457 2706 516 2755 μοι,
527 2688 575 2740 καὶ
586 2683 621 2740 ου’
634 2689 746 2755 novule·
794 2693 1105 2757 sultotraderevidetur,
1118 2695 1145 2744 id
1158 2710 1250 2758 unum,
1260 2695 1331 2760 quod

206 2780 255 2830 μαι
267 2756 464 2828 τὴνδιαβολήν
480 2777 506 2812 ιι.
519 2777 543 2815 τ,
561 2761 595 2823 λ.,
610 2767 745 2826 quoutro-
795 2781 886 2816 verum
899 2770 949 2824 est,
966 2771 1089 2816 secutum
1103 2765 1332 2815 essecredsmea·

207 2851 258 2901 qne
277 2835 338 2884 loco
357 2833 443 2882 Gaisi.
462 2831 576 2882 dederet
593 2828 695 2894 θῶμα,
715 2837 745 2881 ut
795 2851 846 2900 que
861 2836 894 2885 de
903 2850 987 2884 causa
998 2836 1170 2900 potissimum
1185 2834 1331 2884 adductum

207 2906 256 2967 Vl,
279 2905 336 2954 ll'l.
360 2902 466 2966 Insigni
491 2916 555 2952 vero
581 2900 744 2952 documento
796 2905 948 2967 esseillum,
964 2911 996 2954 ut
1010 2906 1110 2955 lamam
1120 2905 1191 2954 iuter
1204 2904 1331 2969 populum

207 2974 283 3023 hicce
298 2973 384 3035 locus,
403 2986 482 3037 qnam
498 2977 628 3022 accurate
647 2971 675 3020 iu
689 2973 744 3022 siu·
794 2989 929 3039 sparsam,
948 2974 1149 3026 Alcmaeouidis
1169 2975 1332 3024 invidiosum

122 3057 133 3076 ·
208 3043 272 3110 gula
284 3045 384 3093 Noster
399 3041 563 3106 inquisierit,
584 3040 656 3091 ialss
670 3057 687 3091 a
699 3057 745 3091 ve·
794 3045 868 3094 illem
881 3045 999 3110 quidem,
1015 3045 1151 3096 refelleret
1161 3046 1288 3108 virosque
1300 3043 1333 3094 de

208 3115 245 3164 ris
258 3113 352 3164 setlulc
368 3113 521 3162 discernere
543 3111 656 3160 studens
673 3117 700 3160 et
717 3112 745 3160 in
794 3118 853 3179 ipso
868 3116 969 3180 populo
987 3105 1100 3180 eiusque
1118 3114 1247 3165 libertate
1264 3114 1332 3164 bene

207 3181 361 3234 tractandis
367 3179 469 3232 fsbulis
479 3181 580 3231 iustam
594 3177 688 3243 κρίσιν
699 3181 746 3230 ad·
795 3185 905 3234 meritos
922 3185 994 3234 omui
1006 3183 1077 3235 ialsa
1098 3185 1287 3234 criminatione
1300 3183 1333 3231 li-

207 3253 312 3303 hibens.
342 3251 420 3314 Quod
436 3251 506 3300 idem
528 3253 582 3299 iam
602 3265 685 3314 supra
700 3250 746 3300 ob·
795 3255 913 3305 beteret.

209 3323 380 3374 servsvimus
396 3323 423 3370 in
437 3325 506 3370 nott.
522 3319 557 3368 ad
570 3319 624 3380 lll,
640 3319 664 3371 3.
689 3320 745 3368 He·
827 3310 1139 3386 ἀναδέξαι-ἀσπίδα]
1162 3323 1286 3388 Respicit
1297 3320 1332 3372 ad

207 3393 296 3443 rodoti
312 3407 377 3442 sane
393 3407 425 3440 eo
439 3390 525 3454 magis
542 3389 666 3440 interfuit
681 3403 745 3438 sera
796 3394 842 3454 Vl,
852 3391 950 3442 llhiin.
970 3381 1105 3449 ἀναδέξαι
1117 3391 1248 3458 designo,
1260 3391 1333 3458 quod

207 3461 317 3512 inhisce
332 3475 505 3526 cognoscere,
519 3475 572 3525 quo
586 3459 671 3510 muior
684 3457 747 3508 hle·
793 3461 906 3519 tollitur,
918 3460 1057 3510 invenitur
1069 3475 1175 3526 qnoque
1192 3462 1256 3524 v11,
1274 3461 1332 3516 128.

208 3530 412 3582 mueouidarum
436 3529 531 3594 stirpis
563 3529 638 3579 iams
662 3532 745 3592 atque
795 3532 837 3580 De
855 3530 993 3580 locutione
1007 3520 1037 3578 ίιι
1056 3527 1242 3594 συνθήματος
1257 3533 1330 3581 coni.

207 3602 295 3668 gloria
311 3616 415 3650 omnem
429 3614 476 3664 per·
491 3599 633 3650 Graeciam
648 3613 746 3664 props—
794 3603 827 3658 V,
848 3601 881 3649 74
905 3603 932 3648 et
951 3599 986 3648 ad
1007 3613 1053 3662 es,
1080 3614 1151 3665 quae
1169 3607 1331 3666 sequuntur:

208 3676 275 3737 gata
286 3686 336 3721 nec
349 3670 437 3719 minor
451 3669 537 3733 ipsius
553 3668 687 3720 Herodoti
702 3682 747 3718 cu·
793 3660 851 3720 ὑπὸ
864 3660 1035 3734 βαρβάροισί
1045 3682 1074 3718 τε
1087 3662 1162 3718 εἶναι
1173 3671 1247 3721 coni.
1262 3676 1331 3722 nott.

209 3757 249 3804 ra,
259 3754 438 3805 quaecuuque
448 3738 482 3788 ad
490 3738 695 3790 Atheniensium
705 3738 746 3787 lu·
795 3740 830 3789 ud
842 3739 895 3801 lll,
906 3741 949 3788 45.
969 3740 1000 3801 V,
1013 3737 1057 3790 30.

209 3815 303 3860 nerent
314 3809 437 3875 glorium,
449 3809 609 3873 praesertim
622 3809 747 3872 degente
825 3801 999 3857 Ἱππονίκου
1007 3799 1038 3856 δὲ
1048 3803 1144 3873 πατρί]
1166 3807 1334 3860 criminatur

210 3880 347 3931 libertatis
372 3895 389 3929 a
416 3881 541 3942 tyrannis
566 3878 747 3928 vindicandae
796 3878 865 3930 haec
881 3877 1019 3928 Plutarch.
1037 3877 1054 3928 l.
1069 3878 1087 3930 l.
1111 3879 1332 3944 quippeapstre

209 3949 413 4000 studiosissima
429 3948 476 3998 ubi
490 3947 633 4012 agebatur,
652 3963 685 3998 es
702 3962 746 3997 ce·
795 3948 927 4000 historiae
940 3948 1043 3998 iniects
1058 3949 1087 3998 in
1100 3949 1216 4013 gratiam
1230 3949 1333 4012 Hippo·

208 4019 331 4070 lebrandi
344 4024 372 4068 et
388 4019 423 4068 ab
437 4018 542 4068 iniusta
554 4018 747 4067 criminatione
796 4019 862 4080 uici,
892 4017 1020 4070 ditissimi
1044 4019 1162 4068 omnium
1187 4017 1334 4067 Athenien-

209 4089 313 4140 tneudi.
328 4086 648 4149 Conf.nott.adVl,108.
669 4087 746 4149 Quae
797 4090 876 4139 sium.
913 4089 949 4137 At
978 4085 1027 4136 ills
1053 4093 1145 4138 astate
1176 4101 1236 4136 cum
1261 4088 1332 4136 inter

209 4159 293 4224 igitur
307 4158 359 4208 hoc
372 4157 432 4208 loeo
445 4157 599 4208 restituitur
607 4155 747 4206 Alcmaeo·
796 4157 976 4209 Athenienses
995 4156 1100 4207 divitiis
1117 4162 1145 4206 et
1158 4155 1254 4220 opibus
1270 4157 1333 4205 emi-

210 4227 334 4278 nidarum
349 4227 483 4288 defensio,
499 4231 614 4290 „tantae
627 4229 669 4276 est
685 4228 748 4276 sim·
797 4228 1052 4292 ueretHipponicus
1064 4225 1178 4290 (dequo
1192 4223 1249 4275 vid.
1262 4231 1333 4276 nott.

210 4294 749 4363 plicitstistsmquebouisprobabilibus·
799 4297 834 4348 ad
848 4296 986 4347 Plutarch.
1005 4293 1092 4346 Alcib.
1110 4310 1174 4360 pag.
1196 4293 1240 4346 99.
1260 4294 1333 4361 100),

211 4383 263 4433 que
281 4369 447 4433 argumentis
470 4365 607 4428 firmatur,
632 4370 663 4416 ut
679 4365 749 4416 ialso
799 4367 914 4432 indeque
938 4367 1097 4416 notissimus
1113 4368 1201 4426 esset,
1229 4366 1333 4430 optima

212 4451 259 4489 eos
272 4437 435 4503 proditionis
450 4434 602 4488 insimulari
614 4435 751 4486 facilene·
799 4434 1213 4499 hinceiusnominandioccssio,
1228 4434 1334 4502 qualern
