3054 4972
489 359 764 424 POLYMNIA.
787 361 859 420 VII.
881 368 1004 424 83-85.
1247 357 1308 418 560

178 539 236 624 τῆς
249 561 285 604 se
302 539 468 623 Περσικῆς
489 534 544 602 καλ
564 539 621 621 τῆς
637 537 843 620 Πακτυϊκῆς,
862 538 896 601 οἳ
912 537 1109 620 παρείχοντο
1123 527 1191 618 ’μὲν
1205 535 1309 600 ἵππον

179 637 443 726 ὀκτακισχιλίην,
469 633 555 706 ὅπλα
575 639 612 706 δὲ
633 635 675 706 οὐ
695 643 864 724 νομίζουσι
886 641 974 722 ἔχειν
992 632 1069 704 οὔτε
1089 635 1211 723 χάλκεα
1231 631 1308 704 odra

181 741 336 832 σιδήρεα,
352 743 413 823 ἔξω
429 743 649 827 ἐγχειριδίων.
684 744 845 828 χρέωνται
866 738 902 808 δὲ
917 743 1046 829 σειρῇσι
1061 741 1307 828 πεπλεγμένῃσι

129 865 181 918 tit
191 847 223 928 ἐξ
238 842 401 934 ίμόνιων·
429 844 568 933 ταύτῃσι
583 851 719 914 πίσυνοι
735 849 885 930 ἔρχονται
900 844 932 921 ἐς
947 842 1101 929 πόλεμον.
1138 839 1209 932 ἡδὲ
1223 842 1309 930 μα’χη

182 948 311 1018 τρόπων
324 951 392 1016 τόν
409 943 546 1035 ἀνδρῶν
559 943 637 1035 ἥδε·
674 944 775 1016 ἐπεὰν
788 951 998 1033 συμμίσγωσι
1013 961 1097 1014 τοῖσι
1112 953 1309 1032 πολεμίοισι,

182 1051 344 1140 βάλλουσι
365 1048 423 1130 τὰς
443 1048 572 1136 σειρδς,
593 1048 646 1120 ἐπ’
669 1047 760 1142 όκριμ
781 1048 923 1135 βρόχους
945 1048 1092 1135 ἐχούσας.
1119 1045 1197 1118 ὅτευ
1219 1046 1252 1117 δ’
1267 1043 1310 1118 όν

180 1155 279 1242 πόχη,
295 1150 337 1242 ἦν
351 1181 386 1222 τε
401 1159 506 1224 ἵππον
523 1151 564 1243 ἦν
580 1182 614 1223 τε
628 1150 832 1240 ἄνθρωπον,
848 1147 902 1220 ἐπ’
918 1150 1044 1222 ἑωυτόν
1057 1155 1158 1238 ἕλκει,
1176 1157 1210 1222 ol
1221 1151 1258 1220 dl
1274 1155 1311 1221 ἐν

181 1261 292 1348 ἕρκεσι
318 1258 604 1346 ἐμπαλασσόμενοι
628 1262 896 1345 διαφθείρονται.
936 1254 1066 1324 τούτων
1093 1256 1155 1344 μὲν
1178 1253 1263 1343 αὕτη
1290 1252 1311 1344 ἡ

183 1499 282 1562 luisse,
307 1513 378 1564 quae
394 1497 493 1550 bellum
514 1497 669 1548 venationis
687 1495 722 1547 ad
774 1495 931 1562 Ρλαοείραν,
949 1511 966 1545 a
981 1511 1049 1546 voce
1064 1498 1169 1556 Ρλιικεί,
1187 1511 1258 1562 qnae
1273 1496 1313 1547 la·

183 1570 272 1618 instar
295 1583 388 1632 gerere
411 1568 592 1618 consueverit.
618 1595 653 1607 -
680 1565 722 1616 Ad
773 1581 870 1631 quemn
900 1565 975 1631 (uosr
1003 1565 1163 1630 Fanqstriolr)
1191 1567 1310 1629 denotet,

183 1653 260 1688 usum
273 1637 348 1686 verbi
367 1635 491 1700 νομίζειν
507 1639 536 1686 iu
557 1653 632 1702 seqq.
649 1637 722 1686 ooui.
773 1650 833 1685 oum
852 1636 898 1686 isti
918 1635 980 1685 olim
1003 1638 1080 1702 equis
1099 1638 1171 1688 vecti
1189 1635 1312 1688 homiues

184 1708 207 1766 1,
223 1705 409 1764 13021510,
423 1706 480 1757 183.
509 1708 587 1770 Quod
598 1705 721 1756 additum
772 1704 877 1769 laqueis
891 1705 999 1758 iniectis
1009 1711 1138 1770 caperent
1147 1704 1262 1772 indeque
1273 1707 1313 1757 in·

184 1780 227 1827 est
244 1775 327 1826 verbo
349 1771 493 1838 νομίζουσι
516 1778 626 1826 verbum
649 1769 723 1839 ἔχειν
773 1774 934 1826 teriicerent.

184 1851 213 1896 et
231 1843 282 1895 hoo
300 1843 359 1895 loco
382 1849 409 1895 et
427 1846 456 1908 Ι,
474 1845 540 1904 215,
564 1845 647 1896 deleri
664 1843 724 1896 nult

183 1915 275 1966 Nsber
296 1914 324 1963 in
341 1915 509 1977 Mnemosyn.
532 1915 579 1964 1v.
601 1930 663 1980 pag.
681 1914 722 1977 15,

185 1984 256 2048 ruod
279 1983 342 2033 ⁸¹ii⁸
367 1983 434 2034 ¹⁰⁰i⁸
460 1983 571 2034 v⁰¹b¹¹¹¹¹
600 1981 723 2066 ⁹⁰⁹‘lf‘l
774 2016 1312 2082 renunciabantnorrun:arou

184 2054 724 2187 {iliitttt'ititlillitati
777 2085 1236 2148 ¹²⁷·1V=¹²⁷·V1‚¹⁴·v111‚²·2-

185 2191 328 2257 perspicio.
809 2179 839 2237 ίν
853 2181 944 2266 ξρκεοι
959 2179 1212 2254 ἐμπαλασσόμενοι]
1228 2181 1314 2250 ἔμπα-

775 2259 943 2320 λασσομενοι
959 2261 1066 2308 veteres
1081 2259 1251 2323 gramm'atici
1267 2276 1312 2309 eu-

206 2325 313 2393 οειρῇσι
322 2321 536 2394 πεπλεγμένῃσι]
546 2327 645 2378 Galeas
655 2327 725 2378 mala
775 2333 880 2394 ponunt
891 2321 1131 2390 συμπλεκόμεναι,
1147 2321 1314 2391 ἐμπλεκόμε-

186 2399 326 2465 proposuit
343 2395 464 2463 ζειρῇσι,
484 2414 544 2448 curu
563 2393 648 2458 ζειραλ
669 2399 725 2447 sint
776 2412 835 2458 ναι,
853 2399 979 2461 irnplr'catr‘.
1013 2397 1075 2450 Vid.
1090 2398 1178 2452 Schol.
1196 2399 1229 2448 ad
1243 2398 1314 2454 Tbu·

185 2471 295 2526 αιιιίοιιιε,
309 2473 339 2517 ut
352 2469 466 2518 vidimus
477 2469 510 2518 ad
520 2469 580 2530 Vll,
592 2470 633 2520 75.
655 2467 726 2518 Sunt
776 2467 864 2532 eydid.
883 2468 952 2522 vll.
970 2466 1004 2518 84
1029 2466 1085 2529 (ubi
1107 2469 1176 2518 idern
1195 2469 1313 2518 vocabu-

184 2555 249 2590 vsro
264 2532 354 2599 σειραλ
368 2547 465 2599 restes,
480 2539 558 2601 forres
571 2553 585 2586 ε
599 2539 663 2588 loris
671 2541 726 2600 μίσ-
775 2536 852 2601 lum).
871 2536 926 2588 nel.
937 2537 1051 2599 Dionys.
1060 2537 1130 2601 apud
1141 2537 1267 2591 Eustath.
1279 2536 1314 2586 ad

185 2611 229 2660 πίε
254 2609 371 2671 consecti.
416 2609 534 2668 Exstat,
563 2607 726 2658 observante
775 2605 894 2668 Hesych.
907 2606 928 2656 1.
941 2606 1041 2671 ρ.1111’λ
1052 2605 1122 2670 (ubiz
1142 2597 1312 2670 denutritas·

186 2677 380 2741 Wesseliugio,
410 2678 534 2742 σειραῖος
558 2667 625 2738 lude
652 2675 725 2740 apud
776 2668 930 2738 διαπλέξαι).
958 2675 1111 2727 AeliamN.
1133 2677 1250 2739 ,4.1111,
1270 2678 1314 2736 47,

186 2747 289 2798 ΡοΙΙυο.
301 2747 324 2805 Ι,
338 2748 395 2806 148,
410 2752 437 2798 et
451 2748 572 2809 αειραίαι
582 2745 726 2810 apodei-
775 2746 822 2796 ubi
838 2745 979 2796 lacobsius
993 2745 1063 2796 bene
1077 2761 1178 2796 memor
1196 2747 1248 2796 luit
1262 2745 1315 2795 loci

186 2817 239 2867 lon.
262 2816 319 2866 lud.
339 2818 393 2864 vit.
417 2816 562 2880 contempl.
587 2831 612 2880 p.
633 2814 723 2866 aare.
775 2815 935 2878 Herodotei,
952 2816 978 2864 iu
992 2831 1045 2880 quo
1060 2808 1151 2878 ’ἕρκεσι
1163 2819 1270 2866 vertere
1283 2815 1315 2864 li·

187 2886 248 2936 οοΙΙ.
267 2885 397 2936 Proverb.
415 2885 470 2936 Sal.
490 2886 527 2944 V,
542 2887 585 2936 22.
621 2885 662 2934 λδ
679 2901 725 2936 vo·
776 2890 820 2936 cet
831 2887 942 2952 laqueis,
956 2885 1180 2950 quemadmodum
1196 2887 1223 2936 in
1236 2885 1315 2936 Euri-

187 2971 245 3006 cem
258 2949 547 3018 πεπλεγμίνησιοοοί.
559 2955 621 3012 Vll,
633 2955 727 3006 60161-
776 2954 832 3020 pid.
856 2955 956 3005 Electr.
979 2955 1042 3016 155,
1066 2955 1112 3005 ubi
1131 2962 1152 3006 A
1174 2970 1316 3007 amerunon

187 3039 241 3088 que
254 3027 323 3072 nott.
355 3023 445 3085 ipsum
462 3023 602 3087 pugnandi
618 3040 727 3088 morem,
779 3025 879 3076 dieitur
889 3015 1024 3088 ὀλόμενος
1036 3022 1144 3083 δολίοις
1153 2971 1264 3093 δρόχων
1274 3019 1317 3084 δρ-

188 3107 267 3157 quem
280 3091 414 3155 Segortiis
424 3092 524 3142 Noster
537 3094 646 3152 tribuit,
659 3093 728 3144 Sau·
777 3107 871 3152 κεσιν,
901 3099 928 3145 ε1
955 3097 981 3143 in
1007 3094 1130 3159 Aeschyl.
1156 3097 1315 3160 Agamemn.

188 3161 300 3212 romatis
310 3159 443 3209 adscribit
452 3161 572 3212 Pausan.
584 3164 607 3221 1,
618 3164 658 3213 21.
667 3166 690 3226 5.
700 3164 727 3224 8,
782 3163 930 3226 1620(1601
945 3162 1065 3227 atoma),
1074 3165 1121 3213 ubi
1131 3161 1181 3226 τῆς
1194 3163 1277 3228 δίκης
1287 3154 1317 3212 ἐν

189 3231 281 3282 eodem
314 3233 426 3279 notante
450 3230 647 3296 Wesselingio,
682 3233 727 3296 qui
779 3227 1317 3299 inurere,qrroo‚urnnnoretnesychios

189 3301 271 3350 etiarn
280 3301 456 3360 retias-iorum,
473 3300 517 3363 qui
528 3301 624 3350 seriori
636 3307 727 3352 aetate
778 3303 800 3354 I.
820 3317 845 3380 ρ.
869 3300 946 3360 1436,
973 3300 1042 3349 idem
1062 3307 1103 3350 est
1125 3307 1208 3366 sique
1229 3294 1259 3352 ἐν
1276 3299 1318 3350 δι-

188 3371 258 3419 inter
278 3369 415 3420 Romanos
438 3367 605 3433 gladiatores
628 3385 727 3420 memo·
778 3383 875 3425 κιυοις
889 3385 911 3419 s.
925 3359 956 3416 ἐν
967 3357 1078 3431 ἄρκυσι,
1093 3375 1124 3419 nt
1137 3372 1177 3420 ait
1187 3371 1316 3422 Valcken.

188 3443 299 3502 rantur,
314 3439 477 3489 mentionem
490 3438 592 3488 iniecit.
616 3439 656 3489 De
670 3440 728 3503 qui·
779 3453 942 3502 comparans
958 3438 1081 3502 Euripid.
1097 3440 1220 3506 Iphigen.
1234 3445 1317 3493 Tanr.

188 3509 239 3560 bus
252 3509 309 3559 rid.
322 3509 397 3578 MP&
411 3507 519 3558 Satum.
532 3508 596 3571 11,8
610 3514 636 3558 et
649 3510 728 3560 lure·
779 3510 812 3559 77
827 3511 854 3558 et
867 3506 994 3572 Aesclryl.
1008 3507 1157 3574 Cboe'pbor.
1170 3511 1245 3566 1000,
1276 3510 1317 3561 Ad

188 3578 258 3630 nalis
279 3579 406 3642 interprr.
426 3577 461 3628 ad
479 3577 561 3639 vni,
581 3577 632 3628 200
652 3593 727 3644 seqq.
779 3577 892 3628 alterum
922 3576 1047 3641 Aeschyli
1077 3579 1165 3630 locum
1194 3581 1222 3630 in
1250 3581 1319 3645 Aga-

188 3649 250 3699 lllia
266 3648 299 3698 de
316 3647 366 3697 tali
385 3646 542 3713 laqueorum
557 3661 607 3697 usu
623 3649 651 3698 in
671 3663 729 3697 cer·
780 3662 876 3698 memn.
890 3645 988 3696 Blomi.
1004 3647 1098 3698 attulit
1110 3649 1181 3701 Plnt.
1197 3651 1317 3715 Sophist.

188 3719 337 3768 inminibus
357 3717 400 3767 rel
414 3717 486 3784 apud
498 3715 618 3766 Graecos
638 3723 729 3782 proto·
780 3733 807 3782 p.
822 3715 873 3766 200
880 3717 909 3766 Β.
922 3733 945 3770 s.
963 3732 1024 3782 pag.
1039 3719 1090 3770 284
1103 3719 1245 3770 Heindorf.
1262 3721 1319 3770 (ubi

188 3787 222 3838 lit
236 3787 377 3836 Welclrer:
401 3787 496 3837 Rbein.
510 3787 579 3835 Mus.
599 3788 632 3840 N.
655 3787 684 3836 F.
704 3787 727 3836 1.
780 3791 837 3836 rete
851 3786 1017 3862 piscatorum
1029 3787 1094 3852 est),
1107 3789 1231 3856 Euripid.
1247 3789 1319 3839 Med.

189 3871 253 3922 pag.
266 3857 326 3907 434.
364 3856 479 3920 Propius
491 3855 542 3906 bue
558 3855 640 3917 iacit,
657 3856 728 3920 quod
779 3856 841 3908 1182,
874 3856 913 3906 λα
932 3856 1048 3922 denique
1065 3859 1318 3909 coni.Lobeclsio:

189 3927 224 3976 ab
243 3925 266 3979 1.
282 3925 315 3975 de
330 3925 466 3976 Hammer.
483 3925 511 3974 in
527 3924 633 3975 Annall.
648 3927 730 3976 Vien-
780 3927 927 3977 Dissertat.
938 3926 970 3976 de
982 3928 1129 3978 nominibb.
1139 3927 1320 3991 deflexisffle·

189 4009 280 4046 nense.
295 3994 341 4044 lrl.
358 4008 420 4060 pag.
441 3994 486 4049 34.
501 3995 535 4045 35
554 3993 670 4045 allatum
691 3996 730 4045 νί-
782 3996 895 4061 gimout.
914 3996 988 4061 1641)
1011 4013 1073 4063 pag.
1087 3999 1113 4048 0.
1133 4004 1189 4048 not.
1208 3997 1251 4058 10,
1273 3996 1319 4060 qui

189 4065 255 4126 deo,
272 4065 299 4113 in
309 4063 429 4114 carmine
439 4063 562 4122 Persico,
577 4067 622 4115 cui
633 4079 731 4115 nomen
783 4065 837 4117 vim
857 4065 933 4116 verbi
956 4055 1199 4130 ἐμπαλασσόμενοι
1217 4081 1234 4114 a
1252 4065 1320 4116 feris

189 4132 405 4194 Sobahnahmch‚
414 4133 557 4182 Persarum
569 4133 664 4184 herotis
675 4150 729 4186 cer·
782 4134 943 4186 translatam
958 4141 1050 4200 putat,
1070 4153 1139 4202 quse
1153 4137 1180 4185 in
1193 4134 1262 4186 retia
1275 4133 1320 4182 de-

189 4207 281 4253 tantes
302 4204 342 4253 oti
359 4201 407 4252 tali
426 4201 540 4267 laqueo,
563 4218 616 4268 qno
638 4203 733 4254 adver·
782 4203 877 4268 lapsae
895 4207 1046 4258 retinentur
1064 4206 1179 4270 indeque
1198 4205 1224 4254 h.
1243 4203 1260 4254 l.
1279 4205 1321 4254 sic

189 4273 276 4322 serios
295 4273 408 4337 capiant
427 4271 573 4337 (vocantur
591 4273 730 4338 Κικυννῆς
783 4273 885 4325 reddit:
914 4280 962 4336 „ri
977 4280 1001 4327 io
1019 4284 1181 4325 transennam
1201 4274 1376 4339 fnum*

189 4343 308 4407 itemquo
325 4342 398 4406 apud
411 4341 494 4391 lnrlos
513 4342 671 4393 sicariorum
685 4345 732 4393 tri·
782 4345 874 4394 irretiti
884 4347 1058 4396 oooidnntnr.“
1085 4345 1138 4395 Pro
1147 4337 1282 4394 τουτέωνΙ

189 4413 251 4462 bum
281 4411 417 4478 quandam
450 4412 592 4462 memorari
623 4414 731 4464 nomine
781 4415 891 4479 reposui
906 4407 1024 4467 τούτων.

815 1875 999 1943 συμμίσγωσι]
1026 1876 1191 1943 συμμίσγειν
1210 1879 1243 1931 δε
1266 1879 1313 1929 bo-

775 1947 831 1998 stlli
847 1963 1009 2012 congressu,
1031 1952 1077 2013 qui
1091 1948 1125 1997 ad
1138 1949 1312 2014 pugnandum
