3038 4994
602 267 781 328 ERA'PO.
804 267 859 330 Vl.
882 277 923 331 56.
1266 267 1327 330 295

194 442 341 532 πόλεμόν
355 469 394 530 γε
409 442 581 528 ἐκφέρειν,
603 437 656 509 ἐπ’
672 437 715 529 ἣν
728 434 772 509 άν
784 440 973 528 βούλωνται
988 440 1117 530 χάρην·
1147 441 1269 512 τούτου
1289 441 1328 512 δέ

193 551 321 636 μηδένα
334 546 422 615 εἶναι
433 547 674 633 Σπαρτιητέων
688 544 916 632 διακωλυτήν·
940 551 971 614 ελ
985 546 1021 614 δὲ
1035 543 1098 634 μὴ,
1114 542 1218 616 αὐτὸν
1232 549 1269 616 έν
1281 551 1328 639 τῷ

118 731 123 740 Ι
192 649 270 738 άγει·
289 652 475 737 ἐνέχεσθαι.
505 651 781 737 στρατευομένων
801 648 838 717 δὲ
861 647 1014 736 ιτράτονς
1034 649 1120 718 ἰέναι
1134 647 1212 730 τούς
1230 657 1326 737 βασι-

193 756 288 838 λέας,
321 749 486 831 ὑστάτους
511 751 548 820 δέ
574 747 725 821 άιιιέναι·
762 749 879 822 ἑαυτὸν
903 753 939 822 δέ
963 749 1089 841 άνδρας
1106 753 1250 839 λογάδας
1272 753 1326 822 ἐπὶ

192 864 370 958 στρατηΐης
393 854 579 942 φυλάσσειν
603 850 735 935 αὐτούς.
769 853 965 944 προβάτοισι
981 856 1017 924 δέ
1031 861 1175 943 χρᾶσθαι
1197 861 1234 926 έν
1249 861 1326 945 τῇσι

167 1069 176 1090 ·
192 1054 389 1106 exAristotelis
401 1059 428 1104 et
438 1055 599 1120 Diotogenis
611 1054 678 1105 loeis
689 1069 734 1104 su-

191 1139 240 1190 pra
259 1124 352 1174 allatis
375 1124 563 1188 cognoscitur,
585 1123 733 1188 Spartano-

190 1209 249 1244 rum
271 1195 379 1259 regibus
402 1194 555 1258 antiquitus
577 1193 732 1243 sacerdotia

190 1263 334 1314 commissa
347 1263 469 1325 fuerunt,
486 1263 520 1312 ed
530 1263 632 1327 regiam
646 1262 733 1327 digni·

190 1339 274 1384 tutem
284 1334 423 1398 pertinuit,
434 1331 541 1396 qualem
552 1333 642 1396 prisce
649 1333 732 1382 Grue-

190 1417 282 1454 oornm
295 1407 388 1453 aetate
406 1403 585 1452 constitutam
599 1401 730 1466 Spartae·

189 1487 241 1538 que
253 1475 386 1523 retentam
398 1485 458 1521 esse
468 1473 632 1534 aeeepimns,
646 1476 677 1521 ut
687 1485 730 1521 aa·

189 1544 243 1592 oris
267 1541 429 1606 quibusdam
448 1540 578 1604 publicis,
601 1555 672 1604 quae
695 1540 729 1589 ad

189 1625 295 1661 omnem
308 1612 475 1674 pertinerent
486 1611 637 1672 civitatem,
652 1625 729 1674 reges

187 1680 373 1745 iungerentur.
397 1679 477 1731 Unde
487 1695 595 1745 quoque
608 1685 731 1743 repeten-

188 1750 266 1812 dum,
286 1751 358 1816 quoti
377 1765 455 1814 reges
474 1749 602 1814 Spartani
621 1749 655 1799 od
675 1748 730 1799 bel-

188 1819 241 1869 lum
254 1819 403 1885 protecturi
415 1817 537 1883 Apollini
550 1834 630 1870 saera
646 1819 731 1868 iacie-

187 1889 254 1938 bant
271 1895 355 1954 etque
374 1891 403 1938 in
424 1889 493 1954 ipsis
513 1888 731 1953 expeditionibus

187 1957 389 2009 sacrificabant.
408 1958 485 2009 Coni.
500 1957 620 2010 Mueller.
633 1957 650 2009 l.
662 1958 680 2008 l.
692 1959 731 2008 λλ.

186 2043 204 2093 p
222 2087 345 2159 πόλεμόν
359 2109 389 2159 γε
403 2087 543 2160 ἐκφέρειν]
563 2095 685 2144 Pertinet
702 2097 730 2143 et

185 2165 238 2216 hun
256 2165 441 2230 Xenophontis
462 2164 538 2214 loeus
569 2167 597 2214 iu
614 2162 728 2228 Republ.

185 2236 346 2289 loreedsem.
373 2235 432 2284 XV.
457 2237 480 2298 §-
500 2237 531 2284 2:
560 2227 647 2297 ἔθηκε
673 2224 726 2295 γάρ

187 2303 259 2370 (συλλ.
278 2295 293 2354 ὁ
308 2304 500 2368 Λυκοῦργος),
514 2296 600 2352 θύειν
613 2293 728 2379 μέν’]δα-

186 2369 263 2422 οιλέα
283 2369 353 2436 πρὸς
368 2371 419 2436 τῆς
433 2365 542 2429 πόλεως
555 2364 589 2420 τά
603 2368 727 2434 δημοσια

185 2431 313 2508 ἅπαντα,
327 2437 365 2500 ὡς
377 2435 436 2492 ent
449 2441 501 2491 rori
513 2438 587 2490 θεοῦ
598 2431 667 2489 ὅντα
677 2437 727 2489 καλ

186 2506 355 2576 στρατιὰν
370 2504 453 2562 ὅποι
474 2502 727 2575 δνὴπάλιςέιι-

184 2576 318 2647 πέμπῃ,
331 2572 517 2646 ἡγεῖσθαι·
535 2574 621 2630 ἔδωκε
634 2574 726 2648 eluet

184 2647 250 2715 γέρα
265 2642 322 2700 nied
336 2649 392 2700 τών
408 2649 562 2714 θυομένων
573 2641 727 2716 λαμβάνειν

184 2715 233 2768 sul
249 2717 303 2785 γῆν
318 2734 346 2768 τε
360 2710 391 2769 έν
408 2719 525 2776 πολλοῖς
542 2715 599 2768 ταῖν
621 2716 727 2783 περιοί-

183 2803 243 2839 ιιων
272 2781 382 2840 πόλεων
406 2785 554 2849 ἀπέδειξεν
582 2779 726 2852 έξαλρετσν

182 2851 339 2922 τοσαύτην,
360 2847 430 2908 edors
448 2849 517 2921 μήτε
534 2855 648 2908 δεῖσθαι
670 2856 727 2907 τάν

183 2927 304 2990 μετρίων
321 2919 391 2992 μήτε
412 2924 524 2994 πλούτῳ
543 2921 725 2991 ὑπερφέρειν.

183 2999 263 3060 Quod
289 2999 324 3047 ad
349 2998 483 3048 Herodoti
507 2999 591 3048 verbs
616 2999 724 3061 attinet,

182 3067 246 3117 belli
277 3065 412 3118 inferendi
444 3067 586 3117 arbitrium
616 3068 726 3130 regibus

182 3137 376 3200 concedentis,
397 3137 425 3186 id
443 3151 496 3186 non
515 3137 554 3185 ite
574 3136 725 3200 intelligen-

182 3207 261 3269 dum,
275 3221 307 3257 ae
321 3207 345 3256 si
359 3221 441 3271 penes
456 3221 534 3269 reges
548 3205 620 3256 soles
631 3205 723 3264 luerit,

181 3275 281 3326 bellom
300 3276 419 3327 indicere
440 3275 645 3339 quibuscunque
665 3273 723 3340 pla-

159 3359 162 3368 *
180 3347 283 3406 onerit;
300 3345 351 3396 hoo
364 3347 433 3396 enirn
449 3345 491 3394 ios
504 3345 577 3410 spnd
587 3345 673 3394 liores
688 3344 722 3394 ad

181 3431 286 3466 ornnem
305 3415 446 3465 civitatem
466 3414 613 3480 pertinuit,
633 3429 649 3462 s
669 3429 723 3478 quo

180 3486 289 3549 quando
308 3484 407 3535 bellum
428 3483 565 3536 decretum
585 3489 659 3545 erat,
681 3499 722 3534 re-

784 1046 925 1117 πόλεμσντ
948 1071 1001 1120 quo
1016 1055 1080 1104 mibi
1099 1055 1172 1107 baud
1185 1072 1252 1121 opus
1265 1072 1324 1109 esse

782 1123 901 1174 videtur.
922 1126 996 1189 -Ιμεσ
1013 1125 1145 1176 Herodoti
1166 1126 1251 1176 verba
1269 1141 1325 1177 non

782 1191 863 1243 aliter
890 1195 994 1259 accipit
1017 1195 1116 1246 Grote:
1152 1195 1265 1260 History
1296 1197 1326 1246 oi

782 1263 884 1314 Greeee
895 1264 932 1313 λλ.
948 1279 974 1328 p.
989 1265 1049 1316 ton.

816 1325 846 1381 έν
858 1329 898 1398 τῷ
908 1325 971 1396 ἄγεϊ
982 1323 1141 1398 ἐνέχεσθαι]
1155 1333 1174 1382 i.
1187 1349 1211 1385 e.
1220 1337 1322 1396 piaculo

781 1417 803 1453 s.
823 1405 930 1454 mnenon
951 1405 1052 1452 erimine
1072 1419 1124 1452 enm
1144 1405 1233 1453 teneri.
1267 1403 1323 1454 Ubi
1415 1400 1419 1408 '

781 1470 815 1520 de
824 1473 1026 1536 praepositione
1037 1463 1067 1520 έν
1079 1473 1197 1537 repetite
1206 1471 1249 1536 (ut
1258 1471 1322 1534 Vll,

785 1541 861 1604 128),
888 1542 958 1592 alias
984 1557 1066 1608 saepe
1091 1542 1192 1592 omissa
1216 1542 1323 1592 monuit

780 1610 909 1662 veletren.
925 1614 1016 1662 eitens
1029 1609 1205 1661 Demosthen.
1225 1627 1248 1660 σ,
1262 1611 1322 1660 Ατλ-

781 1685 863 1730 σλοστ.
878 1695 903 1745 μ.
921 1682 981 1743 408,
994 1682 1036 1733 51.
1052 1681 1088 1746 [p.
1103 1681 1162 1742 632,
1178 1683 1194 1730 2
1209 1680 1320 1736 Reisk.;

781 1750 845 1800 add.
865 1750 898 1800 In
913 1753 1058 1801 lllunertat.
1077 1767 1103 1815 p.
1120 1749 1201 1812 loon,
1215 1751 1240 1801 λλ.
1267 1751 1321 1800 Ρτο

782 1819 880 1870 Ceron.
899 1821 987 1869 Trier.
1005 1836 1029 1884 p.
1047 1821 1127 1882 1231,
1147 1817 1199 1883 ln]
1230 1819 1322 1870 Ando-

780 1889 832 1938 ολδ.
846 1904 907 1953 pag.
923 1890 961 1949 12,
975 1891 1016 1940 26.
1034 1888 1108 1955 [pag.
1122 1888 1169 1951 46,
1183 1889 1199 1938 5
1212 1887 1318 1953 Reislr.]

779 1957 818 2007 Ao
832 1959 901 2008 setis
914 1964 1022 2018 notum,
1038 1963 1154 2022 utroque
1167 1957 1262 2019 modo,
1276 1958 1319 2008 rel

779 2026 875 2077 addita
889 2025 933 2078 vel
948 2029 1049 2078 omissa
1062 2027 1265 2092 praepositione
1279 2018 1318 2086 έν,

777 2095 862 2146 verba
876 2089 1005 2159 ἔχεσθαι,
1022 2093 1205 2159 συνέχεσθαι,
1219 2095 1275 2144 elie
1291 2095 1323 2144 id·

777 2181 865 2230 genus
881 2167 954 2228 poni.
986 2165 1067 2216 Plura
1077 2165 1133 2214 vid.
1146 2163 1220 2228 apud
1235 2163 1320 2214 Hein-

777 2235 846 2284 dorf.
857 2235 890 2284 ad
898 2235 1005 2285 Platon.
1015 2235 1130 2284 Pboedr.
1144 2249 1170 2298 p.
1180 2232 1231 2282 223
1244 2237 1271 2282 et
1283 2233 1318 2282 nd

777 2301 899 2368 Sophist.
923 2319 948 2368 p.
968 2304 1034 2366 346,
1062 2303 1092 2354 O.
1111 2301 1142 2352 F.
1164 2303 1318 2352 Hermann:

776 2373 885 2438 Symbb.
900 2375 935 2424 sd
947 2375 1062 2424 doctrin.
1074 2372 1222 2423 inr.'Attioi
1234 2371 1318 2421 dein·

777 2445 840 2494 iurr.
863 2444 981 2493 aetionn.
1005 2459 1068 2506 pag.
1087 2443 1130 2492 21.
1166 2442 1202 2490 Et
1223 2441 1318 2491 eonier

776 2527 882 2632 qggqne
897 2518 967 2566 nott.
983 2513 1018 2563 ad
1032 2513 1085 2576 lv,
1102 2510 1147 2562 1³1
1166 2515 1193 2562 et
1211 2510 1247 2561 ad
1264 2511 1317 2573 111,

811 2640 911 2700 ἑκατὸν
929 2643 960 2698 δέ
979 2641 1087 2711 ἄνδρας
1101 2644 1234 2714 λογάδας]
1254 2649 1318 2699 Gen-

777 2723 875 2772 renerio
889 2720 934 2770 bio
945 2719 1104 2770 offendimur
1116 2733 1241 2780 numero,
1256 2731 1316 2768 enm

775 2790 857 2851 τιιλρο
877 2798 1002 2842 trecentos
1017 2789 1089 2856 regis
1106 2790 1256 2854 stipatores
1272 2803 1317 2838 ou·

775 2860 920 2925 stodesque
945 2860 1030 2911 inisse
1059 2864 1184 2920 narrent,
1217 2873 1318 2921 eosque

775 2927 1315 3050 llllli⁰¹⁰v⁸nl⁰³l2illllllilti}

776 3015 934 3120 lllddeollebol.
957 3015 1184 3132 t.1'1.pogc.⁰21ll.
1217 3035 1315 3130 linque

775 3139 828 3188 nisi
842 3139 937 3189 vitium
955 3139 1080 3201 irrepsit,
1098 3153 1129 3188 ex
1146 3136 1200 3186 illis
1212 3141 1315 3185 trecen-

775 3210 811 3257 tis
822 3213 929 3258 eentum
942 3206 1043 3258 eleetos
1055 3206 1139 3256 inisse
1151 3211 1314 3266 statuamus,

774 3277 938 3340 praecipuos
952 3277 1024 3340 regis
1040 3276 1174 3325 satellites
1188 3275 1315 3324 comites-

773 3361 835 3410 que.
863 3348 905 3396 Tu
917 3345 973 3397 vid.
986 3360 1093 3409 quoqne
1105 3345 1138 3395 de
1152 3343 1194 3394 his
1206 3359 1315 3394 monen-

773 3421 827 3464 tem
839 3415 951 3465 Korttim
963 3415 1003 3463 in:
1017 3413 1156 3464 Sohlosser
1168 3419 1194 3463 et
1204 3413 1313 3466 Beroht.

772 3484 882 3536 Archiv.
903 3485 949 3533 1v.
972 3497 1033 3548 μσς.
1057 3484 1113 3535 169.
1133 3510 1165 3519 -
1187 3485 1219 3533 In
1236 3498 1312 3548 seqq.

180 3569 242 3618 gum
261 3554 376 3604 arbitrio
398 3559 480 3619 atque
500 3555 612 3619 imperio
631 3554 722 3602 omnia
772 3565 821 3618 pro
836 3553 908 3618 vulg.
922 3544 968 3601 έιιλ
982 3549 1112 3617 στρατιῆς
1126 3567 1186 3603 enm
1200 3553 1312 3604 Reiskio

179 3626 221 3673 ita
234 3625 378 3674 commisse
392 3629 470 3684 sunt,
487 3631 533 3687 nt,
548 3623 638 3688 prouti
652 3625 723 3688 opti·
772 3627 800 3674 et
817 3623 932 3673 Bredov.
952 3637 1015 3687 pag.
1038 3623 1084 3674 184
1104 3623 1216 3688 roposni
1234 3634 1314 3683 στρα-

180 3707 253 3742 mnm
272 3694 338 3758 ipsis
358 3694 509 3750 videretur.
534 3697 648 3758 agerent
666 3693 723 3744 bel·
771 3688 867 3756 τηδης,
883 3691 1313 3756 quodnecessariumvidebatnr.

179 3761 298 3826 lumque,
313 3777 473 3829 quoeunque
485 3764 617 3829 placeret,
634 3767 723 3813 trans·
739 3813 745 3828 ,
772 3762 852 3814 (loni.
866 3763 928 3818 Vll.
943 3761 977 3814 38
990 3761 1080 3828 ibique
1093 3766 1163 3812 nott.

179 3831 296 3890 terrent,
332 3847 391 3883 enm
424 3834 475 3897 ipsi
501 3847 605 3884 sommo
631 3835 722 3883 essent
811 3823 979 3894 προβάτοισι
1001 3827 1032 3881 δὲ
1052 3829 1176 3898 χρᾶσθαι
1201 3821 1230 3879 ἐν
1248 3831 1313 3895 τῇσι

179 3900 298 3966 praediti
318 3901 440 3966 imperio.
474 3903 517 3952 Τσ
536 3903 591 3954 vid.
612 3903 721 3966 potissi·
771 3892 908 3967 ἐξοδίῃσι]
936 3903 991 3952 Tot
1013 3917 1079 3954 oves
1098 3901 1150 3952 diis
1173 3899 1311 3949 immolare

180 3985 250 4021 mnm
265 3971 295 4022 C.
309 3971 340 4024 0.
352 3971 475 4023 Mueller.
487 3969 505 4020 l.
517 3971 535 4024 l.
547 3972 584 4021 11.
596 3987 657 4035 paq.
672 3971 720 4022 104
771 3977 899 4036 poterant
910 3971 1107 4036 Spartanorum
1121 3963 1213 4035 reges,
1231 3971 1310 4032 qnot-

180 4043 208 4090 et
219 4039 344 4092 Gabriel:
365 4041 407 4090 De
418 4043 583 4106 megistrntt.
598 4041 718 4090 Leoonn.
770 4047 838 4106 quot
859 4041 927 4106 ipsis
949 4041 1090 4105 placuerat
1115 4055 1163 4105 pro
1185 4036 1310 4089 secerdo-

179 4107 309 4174 (Berolin.
325 4109 402 4174 1845)
417 4125 442 4174 p.
456 4112 473 4162 8
485 4125 576 4176 seqq,
595 4111 642 4174 qui
659 4125 718 4161 eam
770 4110 821 4160 tali
838 4111 885 4160 illa
897 4111 1045 4175 dignitate,
1067 4125 1121 4176 qua
1136 4123 1182 4158 eos
1199 4110 1309 4158 ornatos

179 4179 213 4228 ob
222 4193 333 4230 cansam
346 4179 452 4244 probet,
467 4181 537 4244 qood
549 4179 718 4242 Goettlingio
769 4179 854 4230 inisse
867 4180 946 4230 modo
956 4179 1084 4232 vidimus.
1111 4179 1186 4240 Quos
1200 4175 1308 4226 eosdem

178 4250 206 4297 in
219 4255 336 4300 mentem
349 4249 425 4300 venit
438 4247 504 4313 (vid.
515 4251 628 4300 Hermes
640 4249 717 4300 1823.
769 4265 873 4300 οστσετσ
885 4263 1023 4300 raetorum
1039 4264 1129 4301 eurem
1148 4263 1195 4312 per
1206 4247 1309 4296 exerei-

178 4333 205 4383 p.
219 4317 281 4383 125)
296 4318 440 4370 articulum
454 4313 505 4368 τδν
516 4319 643 4370 inferenti
655 4324 719 4370 aute
769 4324 826 4370 tum
839 4335 943 4370 summo
955 4319 1016 4372 loeo
1029 4319 1171 4381 habuisse,
1188 4332 1221 4368 ex
1233 4315 1308 4368 hisee
