3002 4972
219 331 281 393 214
653 323 918 388 HERODOTI

219 515 285 584 λιες
300 501 443 592 λήματος
459 503 575 586 πλέος,
600 498 672 570 εἶπε
693 497 775 591 πρὸς
795 505 931 570 τοῦτον·
967 497 1194 588 Πυνθάνομαι
1207 496 1266 570 τὸν
1282 495 1360 586 Ἀρ-

221 615 342 697 τνβίου
358 611 464 676 ἵππου
486 606 664 693 ἱστάμενον
678 602 786 694 ὀρθὸν
806 607 862 676 καὶ
876 606 953 674 ποσὶ
974 607 1029 673 καὶ
1045 603 1182 692 στόματι
1197 599 1360 690 κατεργά-

221 721 348 796 ζεσθαι,
363 708 445 797 πρὸς
454 707 513 780 τὸν
523 704 566 778 ἄν
576 714 812 798 προσενειχθῇ.
835 707 878 778 σύ
894 699 942 778 ὦν
955 708 1226 796 βουλευσάμενος
1240 705 1364 777 αὐτίκα

224 814 312 899 εἰπέ,
333 809 491 900 ὁκότερον
503 812 642 902 βούλεαι
657 813 807 902 φυλάξας
822 816 961 900 πλῆξαι,
987 822 1020 881 εἰ
1036 839 1072 880 τε
1086 810 1146 880 τόν
1160 817 1265 881 ἵππον
1280 821 1315 880 εἴ
1326 837 1364 879 τε

224 915 328 986 αὐτὸν
344 913 529 1004 Ἀρτύβιον.
575 916 661 986 Eine
682 915 763 1000 πρὸς
784 911 921 985 ταῦταὸ
940 912 1051 985 ὀπέωυ
1065 912 1185 985 αὐτοῦ·
1209 907 1249 983 ’.Ω
1264 923 1363 1002 βασι-

226 1023 304 1105 λεῦ,
326 1021 453 1108 ἑτοῖμος
473 1020 535 1107 μέν
557 1019 622 1107 ἐγώ
637 1027 704 1108 εἰμι
720 1021 847 1088 ποιέειν
863 1021 919 1087 καὶ
937 1016 1110 1107 ἀμφότερα
1125 1019 1180 1086 καὶ
1195 1016 1232 1087 τὸ
1246 1021 1365 1102 ἕτερον

225 1120 356 1208 αὐτῶν,
380 1125 436 1192 καὶ
451 1122 583 1204 πάντως
597 1120 634 1192 τὸ
654 1119 696 1192 ἂν
712 1123 890 1211 ἐπιτάσσῃς
902 1123 960 1190 σύ·
991 1118 1035 1202 ὡς
1049 1124 1162 1210 μέντοι
1177 1128 1290 1209 ἔμοιγε
1304 1125 1363 1189 do-

225 1230 295 1297 κέει
310 1226 397 1297 εἶναι
410 1241 496 1296 τοῖσι
510 1243 597 1296 σοῖσι
609 1225 777 1314 πρήγμασι
792 1228 1097 1313 προσφερέστερον,
1112 1225 1241 1313 φράσω.
1265 1233 1364 1312 βασι-

226 1333 285 1401 λέα
300 1331 362 1419 μὲν
383 1331 439 1398 καὶ
462 1327 648 1416 στρατηγὸν
662 1327 770 1415 χρεών
788 1329 878 1398 εἶναί
889 1357 973 1417 φημι
991 1331 1124 1416 βασιλέϊ
1135 1357 1171 1398 τε
1190 1330 1246 1397 καὶ
1261 1349 1365 1414 στρα-

226 1439 317 1525 τηγῷ
344 1433 614 1520 προσφέρεσθαι·
650 1429 693 1518 ήν
715 1458 751 1500 τε
777 1431 841 1518 γὰρ
870 1435 1009 1518 κατέλῃς
1029 1429 1138 1519 ἄνδρα
1166 1429 1365 1519 στρατηγὸν,

227 1539 311 1623 μέγα
324 1561 375 1602 τοι
391 1540 535 1620 γίνεται·
570 1535 626 1602 καὶ
646 1533 805 1621 δεύτερα,
827 1530 869 1622 ήν
884 1536 921 1605 σὲ
942 1539 1084 1617 ἐκεῖνος,
1105 1533 1143 1604 τὸ
1158 1533 1203 1623 μή
1221 1537 1365 1622 γένοιτο,

228 1633 295 1706 ὑπὸ
314 1634 474 1723 ἀξιόχρεω
496 1638 551 1704 καὶ
571 1634 761 1706 ἀποθανεῖν
777 1634 896 1726 ἡμίσεα
911 1638 1083 1727 συμφορή·
1117 1635 1219 1726 ἡμέας
1237 1638 1273 1706 δέ
1289 1635 1367 1716 τοὺς

228 1736 395 1827 ὑπηρέτας
410 1741 553 1825 ἑτέροισί
563 1768 598 1809 τε
613 1735 797 1829 ὑπηρέτῃσι
813 1744 1066 1828 προσφέρεσθαι
1080 1745 1136 1810 καὶ
1153 1740 1235 1828 πρὸς
1248 1747 1367 1824 ἵππον,

230 1847 290 1912 τοῦ
303 1840 346 1911 σύ
359 1840 417 1922 τὰς
430 1840 576 1930 μηχανὰς
591 1845 697 1932 μηδὲν
711 1850 882 1932 φοβηθῇς·
911 1844 975 1930 ἐγώ
995 1843 1059 1930 γὰρ
1077 1845 1119 1934 δή
1134 1874 1183 1916 τοι
1198 1841 1365 1914 ὑποδέκο-

165 1970 224 2032 112
235 1974 304 2034 μαι,
319 1945 364 2034 μή
377 1975 435 2032 μιν
448 1942 570 2032 ἀνδρὸς
585 1953 632 2016 έτι
647 1975 686 2035 γε
699 1946 842 2036 μηδενὸς
856 1949 1039 2036 στήσεσθαι
1054 1951 1218 2018 έναντίον.
1254 1955 1368 2038 Ταῦτα

234 2048 323 2133 εἷπε,
344 2051 400 2118 καὶ
414 2057 595 2138 μεταυτίκα
609 2054 787 2140 συνέμισγε
801 2049 840 2120 τὰ
858 2052 1067 2138 στρατόπεδα
1082 2057 1161 2141 πεζῇ
1184 2055 1240 2121 καὶ
1254 2059 1367 2140 νηυσί.

233 2227 480 2290 171.11,ssl.152.
499 2228 556 2279 151.
577 2230 637 2292 ΙΙΙ,
654 2230 693 2281 11.
719 2229 774 2292 Qui
826 2247 895 2296 ρον,
912 2233 1031 2297 itemque
1051 2229 1165 2299 βασιλέα
1186 2247 1234 2296 pro
1248 2229 1370 2297 βασιλῆα

232 2299 313 2349 iidem
333 2297 412 2348 Cares
434 2297 590 2363 frequenter
609 2299 680 2350 servi
702 2299 774 2365 apud
826 2307 854 2354 et
872 2293 963 2366 χρεών
984 2317 1032 2366 pro
1056 2297 1154 2366 χρεὸν,
1182 2302 1215 2352 de
1238 2318 1291 2368 quo
1312 2303 1368 2353 vid.

232 2369 353 2422 Graecos
362 2367 547 2428 inveniuntur,
556 2374 626 2420 testo
635 2369 773 2433 Aristoph.
825 2372 946 2423 united
961 2373 993 2432 V,
1007 2371 1050 2422 49.

232 2439 301 2490 Ανν.
322 2437 387 2490 165.
403 2451 482 2500 quem
498 2436 586 2488 loeurn
602 2441 682 2489 offert
695 2442 774 2490 Wes-

234 2507 329 2571 eeling.
357 2507 436 2556 (loni.
450 2513 519 2556 nott.
533 2508 567 2556 ed
582 2509 615 2570 V,
631 2510 675 2558 ut.
702 2509 775 2558 Hine

233 2567 494 2648 idem-iluaomor'qc
506 2591 566 2626 mox
577 2583 692 2626 vocatur
705 2570 775 2626 ὅποτ’-

234 2661 274 2694 ιον
286 2645 329 2695 vel
343 2647 444 2708 potino,
457 2661 526 2710 quoe
539 2646 625 2696 ior-mn
638 2653 680 2696 est
690 2647 776 2696 Iloro·

235 2715 325 2776 dotea,
339 2707 433 2762 ὁτέων
446 2713 513 2778 (old.
523 2715 648 2765 Dindorf.
660 2717 688 2763 iu
698 2715 775 2765 Coru-

234 2787 316 2831 ment.
333 2783 365 2830 de
381 2782 514 2831 Herodoti
529 2783 592 2832 dini.
609 2799 670 2848 pag.
687 2786 774 2835 XVII.

235 2849 351 2900 Bredov.
366 2865 429 2913 pag.
447 2850 517 2913 137),
534 2852 551 2900 i.
565 2855 774 2918 προσέπτησαν,

232 2920 350 2984 famulus,
362 2923 392 2967 ut
404 2920 432 2967 in
447 2919 574 2982 Aeschyli
588 2921 710 2986 Clroiiph.
724 2925 775 2973 716

235 2987 316 3038 Both.
330 2987 423 3052 Suppl.
443 2991 493 3039 dii
512 2989 573 3042 noll.
588 2991 648 3042 845.
674 2991 773 3042 Herod.

860 2467 930 2539 μέγα
948 2489 990 2523 τοι
1004 2472 1123 2540 γίνεται]
1152 2477 1248 2526 Plures
1263 2476 1367 2526 similes

825 2544 900 2595 locos
913 2545 1035 2595 excitans
1049 2545 1164 2595 Dorvill.
1180 2547 1214 2595 ad
1225 2545 1366 2596 Chariton.

826 2616 932 2676 V11‚2,
948 2631 1009 2680 pag.
1024 2616 1075 2666 564
1088 2615 1164 2678 Lipe.
1184 2621 1277 2665 nostro
1297 2616 1367 2676 loeo,

827 2687 850 2734 ei
873 2685 951 2734 codd.
972 2685 1147 2746 addicerent,
1165 2687 1259 2749 reponi
1275 2685 1368 2735 mallet

826 2748 895 2816 μέγα
908 2770 936 2802 τι
950 2754 1067 2817 γίνεται.
1084 2756 1139 2816 „Ar
1148 2753 1186 2804 illi
1198 2754 1295 2819 (verbu
1305 2761 1368 2806 nunt

832 2823 1008 2888 Werrelirrqii)
1028 2823 1210 2884 reluctantnr;
1232 2828 1368 2875 sententio

827 2891 904 2942 Coris
915 2893 987 2942 bona
998 2899 1048 2947 ent.
1059 2895 1104 2957 qui
1115 2895 1223 2956 quidem
1235 2911 1297 2944 curn
1307 2911 1368 2946 mox

827 2964 868 3010 ait
878 2953 980 3024 ἡμίσεα
995 2959 1296 3028 σιιμφορὴ,ῃτὶεεοτυιτι
1311 2965 1368 3028 opi-

235 3058 284 3118 lx,
298 3056 340 3105 110.
355 3057 397 3106 51.
408 3059 510 3109 —Mox
523 3059 584 3109 dedi
599 3053 632 3108 tol
646 3057 774 3124 πολέμια,

235 3127 281 3176 nbi
295 3125 402 3178 Sehnoi.
418 3133 446 3176 et
461 3128 559 3178 llatth.
574 3125 609 3178 τοὶ
622 3123 772 3194 πολεμήϊα.

236 3194 289 3246 Sed
303 3196 374 3245 conf.
388 3197 475 3260 111,r
490 3199 579 3264 ibique
591 3205 662 3252 nott.
681 3202 719 3264 V,
733 3201 774 3252 78.

235 3265 350 3318 Wossel.
367 3265 498 3318 attulerat
511 3269 683 3320 HomerIeum
697 3271 779 3318 πολε-

236 3326 307 3398 μήϊα
320 3328 386 3399 ἔργα
400 3353 430 3386 ex
442 3337 483 3390 Ili.
496 3339 535 3398 11,
549 3339 609 3392 ³38.
623 3342 700 3404 XIII,
714 3342 774 3390 727.

237 3405 279 3456 Tu
289 3405 360 3454 conf.
373 3407 455 3457 etiem
465 3410 559 3459 Tnetz.
573 3409 640 3460 Chii.
652 3409 774 3472 111‚980.

235 3501 271 3510 -
291 3474 322 3522 ln
340 3490 415 3540 reqq.
437 3477 472 3525 ud
486 3494 580 3530 vocem
598 3475 721 3545 λήματος
740 3480 775 3530 oi.

236 3545 269 3602 V,
283 3543 315 3592 72
327 3544 417 3608 ibique
428 3551 496 3595 nott.

272 3607 319 3661 καὶ
333 3609 401 3661 ποσὶ
422 3611 470 3663 καὶ
489 3610 604 3680 στόματι
617 3609 752 3682 κατεργάζ
767 3645 777 3654 -

238 3679 317 3743 σθαι,
334 3675 407 3742 πρὸς
420 3675 470 3732 τόν
484 3678 519 3734 ἂν
533 3686 737 3753 προσενειχθῇ]
757 3689 774 3737 i.

168 3751 170 3756 '
238 3767 262 3803 ε.
283 3768 330 3802 ore
352 3753 505 3817 pedibusque
522 3756 669 3807 allaborare
691 3774 711 3807 ε.
731 3773 777 3821 μα-

235 3836 317 3886 qnare
330 3838 382 3870 ταοι
394 3837 432 3884 το,
446 3839 547 3887 qnorum
560 3840 708 3889 οοοῃτεεειιε
721 3830 776 3877 erit

238 3892 291 3940 Pro
304 3891 367 3941 olim
380 3891 454 3954 vulg.
474 3891 653 3960 προσενεχθῇ
668 3895 778 3957 reposui

238 3975 300 4011 eum
314 3960 431 4012 Bredov.
450 3977 475 4024 p.
495 3963 542 4013 141)
560 3962 776 4029 προσενειχθῇ,

239 4047 310 4094 quae
323 4031 410 4081 formo
420 4031 495 4081 verbi
508 4031 588 4082 lmine
604 4037 647 4082 est
656 4033 777 4083 Herodo-

239 4105 293 4151 τεο.
329 4103 361 4152 In
386 4115 461 4164 seqq.
488 4100 689 4152 distinctionem
716 4108 779 4166 post

240 4161 461 4234 βουλευσάμενος
480 4171 594 4231 sustuli,
608 4167 702 4220 αὐταῖν
715 4172 778 4222 dedi

240 4253 288 4300 pro
300 4233 423 4300 viritior,
444 4244 472 4289 ot
486 4236 743 4303 προσφερέστερον,
760 4242 777 4291 i.

826 3032 934 3081 nionem
948 3034 1059 3097 probet,
1074 3034 1145 3082 vinei
1162 3039 1188 3082 ot
1200 3035 1285 3084 sterni
1299 3051 1315 3083 u
1330 3034 1368 3082 vi-

827 3117 856 3150 ro
870 3103 977 3166 egregio
995 3107 1023 3152 et
1044 3101 1109 3151 lorti
1124 3102 1287 3154 laudantem.
1315 3103 1367 3152 No-

826 3169 879 3221 bile
887 3171 1066 3235 VirgiIionum
1076 3187 1081 3218 ε
1097 3172 1203 3222 Aeneae
1213 3177 1297 3238 υιοῃιιί
1304 3173 1368 3223 dex·

826 3241 868 3291 ird
881 3242 952 3292 cadis
968 3243 1034 3290 Aen.
1050 3243 1087 3302 Χ,
1101 3241 1160 3292 830.
1189 3243 1241 3292 Adi
1256 3243 1291 3292 nd
1305 3242 1367 3292 Cio·

826 3311 882 3360 fun.
900 3311 927 3360 in
942 3310 1021 3364 ovid,
1036 3311 1215 3374 lllelumorph.
1231 3313 1270 3370 V,
1289 3313 1367 3362 llll.“

827 3408 860 3416 —
878 3381 931 3429 Pro
951 3373 1068 3440 δεύτερα
1085 3381 1209 3431 nonnulli
1223 3377 1367 3442 δεύτερον,

828 3450 863 3500 of.
878 3449 903 3511 1,
919 3451 979 3500 204.
1004 3451 1121 3500 Additur
1135 3452 1236 3500 maiore
1249 3451 1367 3515 quodum

828 3535 888 3570 eum
903 3520 932 3569 ri
946 3519 1025 3570 elteri
1041 3521 1172 3570 orationis
1188 3521 1323 3580 membro,
1338 3521 1369 3569 li·

828 3594 872 3638 eet
885 3591 968 3651 priori
984 3590 1102 3640 membro
1122 3607 1175 3639 non
1195 3591 1318 3640 additum
1334 3591 1370 3640 eit

829 3657 944 3718 πρῶτον
957 3674 979 3710 ε.
994 3657 1100 3720 πρῶτα,
1113 3661 1184 3724 quod
1198 3660 1278 3710 focile
1290 3659 1371 3710 inlel-

828 3728 877 3788 lini
897 3732 995 3791 potest.
1030 3729 1070 3778 Ad
1094 3727 1258 3779 locutionem
1279 3721 1310 3778 τὸ
1331 3720 1369 3792 μή

828 3795 938 3860 γένοιτο
966 3796 1051 3863 (qnod
1067 3801 1159 3849 urinam
1179 3815 1210 3849 κε
1223 3799 1290 3864 βαι)
1312 3799 1369 3851 vid.

830 3883 899 3932 quoe
921 3867 1000 3917 offert
1017 3869 1162 3920 lilomtield.
1185 3869 1220 3919 ad
1242 3868 1371 3934 Aeschyli

829 3937 857 3988 S.
870 3953 893 3988 ο.
907 3937 992 3990 Theb.
1009 3938 1035 3990 5.

1013 4126 1078 4176 Cro.
1101 4125 1186 4176 CXII.

865 4237 1027 4310 συνέμισγε]
1065 4248 1110 4296 ite
1141 4246 1276 4296 edidimus
1308 4261 1372 4296 eum

241 4320 263 4355 e.
275 4308 778 4374 utilius(quodFlorentinuslibereuru
829 4312 932 4374 (loiri,
957 4315 1004 4378 qui
1026 4317 1095 4365 citet
1113 4316 1141 4374 Ι,
1157 4317 1215 4367 121.
1237 4315 1306 4376 vn,
1326 4317 1373 4377 40,

240 4373 302 4423 eliis
312 4378 516 4446 suppeditabat)
531 4394 579 4444 pro
594 4375 778 4444 προφερέστε-
830 4385 858 4432 et
878 4397 949 4434 rece.
970 4383 1030 4434 edd.
1058 4386 1122 4435 Mox
1141 4377 1174 4434 τοὶ
1190 4377 1373 4447 στρατόπεδα
