3010 4966
51 245 53 330 l

221 277 279 340 100
649 269 913 332 HERODOTI

218 447 495 536 ἐγκεκολαμμένα,
510 442 550 512 τά
564 443 669 513 πολλὰ
683 440 780 534 ὁμοῖα
794 442 891 513 ἐόντα
904 459 989 512 τοῖσι
1001 439 1185 514 Ἰωνικοῖσι.
1206 439 1224 513 ὁ
1238 445 1301 534 μὲν
1313 445 1356 534 δὴ

219 547 266 632 εἷς
280 555 348 620 τῶν
362 547 530 639 τριπόδων
544 551 732 638 ἐπίγραμμα
747 556 828 637 ἔχει·

366 672 557 762 Ἀμφιτρύων
572 673 604 760 μ’
625 671 774 760 ἀνέθηκεν
789 673 846 742 ἐάν
861 671 921 741 άπὸ
938 675 1124 760 Τηλεβοάων.

219 854 309 904 uicum
329 869 428 904 numen
440 853 557 902 Esmuu:
581 867 634 918 quo
653 853 761 917 quidem

220 923 392 974 salutiferam
405 922 471 973 solis
483 924 537 971 rim
550 922 692 973 duodecim
701 938 762 974 eoe-

220 993 242 1042 li
259 994 339 1057 signa
362 993 529 1058 permeantis
556 992 714 1043 iudicebsnt
734 997 762 1042 et

221 1063 356 1116 uolebant.
378 1061 578 1112 viuereuzer:
592 1061 710 1126 Symbol.
723 1062 762 1113 11.

220 1149 247 1198 p.
258 1133 309 1184 559
319 1148 376 1197 seq.
388 1132 430 1182 ed.
441 1137 504 1182 tert.
525 1132 585 1193 Quo
596 1132 689 1182 eodem
702 1147 763 1196 spe·

221 1208 296 1254 ctare
318 1203 428 1254 ridetur
449 1200 697 1264 Dapbnepboriorum
723 1201 762 1250 se·

220 1279 301 1334 stum,
314 1287 385 1322 nono
400 1285 507 1336 quoque
524 1285 596 1320 anno
607 1270 670 1320 huic
681 1269 763 1334 Apol-

220 1343 269 1394 lini
296 1341 429 1392 eelebreri
451 1339 576 1398 solitum,
604 1339 763 1404 antiquissi-

221 1428 293 1462 mum
305 1411 372 1460 illud
387 1409 496 1474 quidem
506 1411 535 1459 in
546 1408 675 1460 honorem
684 1408 761 1472 solis,

221 1488 252 1532 ut
263 1485 355 1530 monet
368 1479 495 1530 Creuzer.
510 1479 528 1529 l.
543 1477 577 1537 l.;
597 1493 659 1528 nam
672 1479 708 1529 ad
720 1495 763 1530 so·

220 1551 277 1600 lere
290 1564 389 1600 numen
403 1551 513 1612 eiusque
525 1548 580 1599 rim
595 1563 627 1598 ec
642 1555 762 1613 potesta-

221 1627 275 1670 tem
295 1619 402 1668 iaciunt
421 1618 556 1668 sacrificia
573 1617 602 1667 in
620 1617 671 1670 hoe
690 1617 761 1669 leste

222 1689 323 1748 obleta,
335 1687 455 1752 equibus
464 1687 582 1738 incensis
593 1689 709 1753 auguris
718 1703 763 1738 ce-

221 1759 335 1826 piebant
355 1757 456 1808 etalio
475 1773 492 1806 a
509 1755 642 1808 Crenaero
661 1757 678 1807 l.
697 1757 715 1809 l.
734 1773 761 1822 p.

221 1831 272 1880 562
287 1843 344 1892 seq.
359 1826 453 1880 elleta.
468 1853 502 1862 —
513 1826 555 1875 Ad
568 1828 653 1894 verba
666 1817 695 1875 lv
707 1821 763 1891 Θη-

221 1897 286 1965 βηοι
296 1898 332 1950 ei.
339 1896 440 1947 Herod.
450 1897 473 1954 Ι,
484 1897 517 1946 52
528 1895 572 1945 tin.
585 1897 678 1962 ibique
690 1901 761 1945 nott.

220 1968 340 2018 Plurima
364 1965 474 2031 collegit
497 1966 601 2029 Unger:
624 1965 761 2018 Parsdox.

222 2037 308 2088 Theb.
322 2053 349 2101 p.
365 2035 408 2088 60.
424 2035 467 2089 bl.
494 2035 563 2084 Add.
578 2037 617 2098 V,
632 2036 666 2087 63
684 2027 761 2083 ’Ato-

222 2104 323 2173 τιεκῇσι
335 2106 394 2155 sine
405 2104 502 2157 rocula
516 2095 547 2154 ἐν
560 2110 587 2154 et
603 2106 656 2168 Vb,
673 2104 713 2155 19.
727 2106 760 2166 V,

221 2179 264 2229 82.
292 2178 345 2226 Pro
359 2167 405 2224 ἔτιλ
421 2171 540 2238 τρίποσί
549 2187 604 2224 τισι
617 2174 761 2226 Bekkerus

222 2262 255 2297 ex
280 2245 400 2296 Dobraei
425 2245 583 2294 coniectore
606 2245 692 2294 edidit
714 2234 762 2292 ἒκλ

219 2314 333 2380 τρίποσι
349 2309 437 2378 τρισὶ,
450 2314 575 2378 idemque
589 2318 673 2364 etism
689 2313 763 2364 exhi·

220 2387 338 2436 buerunt
347 2383 473 2434 Dindori.
488 2389 515 2434 et
529 2385 653 2436 Dietaclr.
679 2384 762 2449 Equi-

221 2455 281 2506 dem
299 2459 395 2506 contra
414 2453 543 2503 librorum
561 2456 722 2520 scriptorum
734 2453 762 2502 fi-

222 2528 282 2576 dem
295 2525 439 2574 lectionem
450 2523 580 2574 traditam
592 2527 650 2574 sine
661 2523 761 2574 idonea

220 2609 304 2646 causa
317 2598 422 2642 mutere
435 2591 518 2641 nolui.

255 2653 270 2710 ὁ
289 2655 340 2724 μὲν
354 2654 390 2724 δὴ
409 2651 522 2715 eleusin
540 2653 686 2722 τριπόδων
703 2650 758 2708 ἐπί-

221 2745 334 2794 γραμμα
352 2724 419 2792 ἔχει]
453 2727 521 2778 Cum
540 2729 590 2780 hoe
609 2729 669 2780 loeo
691 2729 762 2779 desit

222 2801 301 2849 metri
322 2801 444 2857 notatio,
480 2813 559 2862 quem
581 2804 708 2850 accurate
733 2799 761 2848 in

221 2868 396 2932 sequentibus
409 2867 532 2917 additum
550 2871 697 2932 reperimus
716 2859 762 2932 (bv

221 2929 360 3003 ἑξαμέτρῳ
372 2931 446 3001 τόνῳ
458 2942 542 3001 etque
555 2930 584 2986 ἐν
596 2927 760 3004 ἑξαμέτρῳ),

221 3008 283 3057 inde
308 3005 453 3057 manifesto
476 3012 569 3070 petere
592 3007 651 3057 vult
671 3008 761 3070 Bergk

222 3077 323 3140 (Ueber
334 3077 360 3127 d.
372 3075 470 3126 tilteste
478 3078 637 3127 Versmeeas
650 3077 677 3128 d.
687 3077 761 3128 Grie·

220 3145 299 3198 elren.
320 3145 459 3210 Freiburg.
477 3145 545 3195 1854
557 3161 618 3210 pag.
633 3145 665 3196 10
680 3145 759 3211 see),

220 3215 290 3265 hene
313 3215 517 3279 inscriptionem
538 3217 688 3281 antiquitus
706 3216 760 3266 alio

221 3284 346 3349 rhythmo
363 3285 522 3336 constitisse
542 3301 626 3350 eoque
642 3287 760 3338 Graeco·

221 3369 278 3404 rum
291 3354 498 3419 antiquissimo,
519 3371 597 3419 quem
612 3356 761 3421 paroemia·

221 3439 281 3474 cum
301 3424 386 3474 luisse
404 3426 493 3488 ponit;
518 3425 547 3474 in
569 3441 621 3490 quo
639 3427 761 3490 sequitur

221 3493 350 3545 Leutsoh.
371 3495 398 3544 in
414 3493 546 3560 Philolog.
563 3495 626 3544 XII.
647 3511 708 3561 pag.
726 3495 760 3548 30

220 3579 278 3627 seq.
307 3564 421 3614 Versum
439 3565 527 3628 ipsum
550 3564 590 3614 sio
615 3567 760 3616 constituit

219 3633 321 3698 Bergk:

285 3724 462 3798 Ἀμφιτρύων
474 3723 504 3794 μ’
520 3726 664 3798 ἀνέθηκεν

289 3801 368 3869 νηῶν
381 3797 439 3852 άτιο
457 3799 634 3869 Τηλεβοάων,

219 3909 283 3970 nisi,
292 3908 361 3975 quod
372 3908 441 3958 idem
452 3905 582 3972 praefert,
590 3901 758 3974 νήσωντοτί-

219 3979 334 4030 bendum
347 3979 383 4028 sit
395 3993 444 4043 pro
459 3975 544 4040 νηαῐν.

254 4040 279 4112 μ’
291 4039 434 4110 ἀνέθηκεν
445 4035 498 4094 btv
509 4037 566 4096 άπὸ
577 4040 757 4115 Τηλεβοάων]

812 850 953 904 Dietschio
968 850 1137 902 retinendum
1151 867 1222 904 noue
1236 851 1310 914 duxi,
1325 851 1358 902 li-

812 929 857 972 cet
877 922 954 974 veria
979 923 1171 986 proposuerint
1192 923 1247 972 viri
1272 921 1358 972 docti.

813 991 922 1042 Etenim
934 991 1147 1056 Valckenarius,
1167 991 1357 1056 adstipulante

813 1060 914 1112 Bothio
931 1061 960 1110 in
979 1061 1118 1125 Opuseull.
1137 1063 1212 1112 critt.
1232 1077 1295 1126 pag.
1315 1063 1357 1124 ll,

814 1136 948 1180 mutatum
975 1130 1061 1181 voluit
1085 1132 1126 1181 iu:
1157 1124 1188 1194 p’
1210 1125 1358 1194 ἀνέθηκεν

813 1191 888 1249 ἐόντ’
903 1190 961 1248 α’τιδ
977 1195 1162 1267 Τηλεβοάων,
1183 1207 1213 1252 ut
1231 1203 1313 1264 tripne
1328 1216 1357 1250 se

812 1271 909 1319 diceret
926 1270 1066 1320 dedicatum
1086 1271 1118 1320 de
1136 1273 1207 1322 victis
1233 1268 1357 1330 Telebois,

813 1355 874 1389 eum
900 1340 942 1408 in..
953 1339 1084 1390 eiusmodi
1113 1340 1194 1390 rebus
1220 1340 1357 1390 dedicatis

812 1398 871 1456 άπὸ
896 1407 947 1458 hoe
968 1424 1050 1460 sensu
1070 1409 1226 1474 frequenter
1248 1407 1358 1474 legatur

813 1477 886 1543 opud
896 1479 1073 1528 Pausaniam.
1087 1479 1267 1543 Wesselingio
1281 1481 1357 1544 prius

812 1538 1356 1614 placuerstrdve'dpr’o’vrolv,deiuBerg-

812 1618 862 1667 leri
877 1617 1005 1681 probarit
1017 1617 1244 1680 emendationem,
1259 1618 1356 1668 Wolfio

812 1688 841 1736 in
852 1686 976 1751 Prolagg.
989 1688 1113 1738 Homerr.
1126 1703 1152 1752 p.
1167 1688 1215 1748 55,
1229 1687 1356 1740 Schneie·

812 1773 842 1806 ro
855 1757 1042 1808 etllattlrieeo
1054 1771 1161 1822 quoque
1172 1755 1315 1821 probatam
1329 1764 1356 1807 et

813 1827 962 1876 intextum
981 1834 1135 1892 receptam:
1152 1819 1276 1890 ἀνέθηκ’
1291 1819 1354 1890 ἰών,

813 1897 832 1948 i.
850 1913 873 1948 e.
896 1896 1043 1962 Amphitryo
1058 1913 1096 1946 me
1112 1898 1236 1946 dedicerit
1255 1900 1357 1948 oerrierre

815 1965 884 2032 [nisi
901 1967 1008 2030 potios:
1035 1963 1169 2030 venturos]
1192 1983 1208 2015 a
1232 1966 1354 2018 Telebois.

813 2035 847 2085 In
859 2035 977 2086 Dissert.
988 2035 1090 2088 Herod.
1103 2036 1150 2086 XI.
1163 2051 1190 2100 p.
1204 2035 1250 2086 lbi
1265 2036 1356 2085 reddi-

813 2104 890 2154 derat
904 2103 1115 2168 Wesselingius:
1133 2106 1217 2154 redum
1233 2121 1269 2155 ee
1285 2107 1356 2156 Telc-

812 2175 874 2224 boia.
891 2173 1165 2238 Schweigheerrserus
1180 2179 1263 2240 etque
1275 2176 1355 2225 Gais-

813 2243 917 2293 l'ordius
929 2243 1093 2293 eVilloisoni
1101 2242 1232 2308 (Auecdd.
1242 2245 1355 2296 Graece.

811 2313 850 2364 11.
865 2328 927 2377 pag.
946 2311 1006 2377 129)
1025 2314 1065 2364 rel
1079 2316 1170 2378 potius
1184 2313 1310 2376 Bentleii,
1325 2319 1356 2364 ut

812 2389 905 2432 monet
915 2381 1083 2446 Lercherus,
1097 2383 1285 2435 emendatione
1299 2383 1358 2435 edi-

812 2451 923 2502 derunt:
941 2441 1066 2516 άνὲθηκε
1087 2446 1174 2502 νέων
1192 2443 1251 2502 dud
1269 2453 1356 2517 Τηλε-

813 2514 923 2588 βοάων,
941 2522 960 2574 i.
980 2538 1004 2573 e.
1017 2521 1164 2588 Amphitryo
1180 2539 1217 2573 me
1229 2525 1357 2574 dedicauit

812 2601 941 2641 revertens
959 2609 975 2642 α
994 2591 1124 2644 Telebois:
1148 2593 1291 2658 inquibus
1313 2599 1356 2642 te·

813 2676 873 2710 meu
886 2661 958 2710 haud
974 2661 1031 2712 seio
1047 2677 1083 2710 an
1098 2661 1193 2712 aoristi
1213 2663 1356 2728 participi-

811 2745 856 2780 um
871 2731 1038 2796 requiratur,
1053 2735 1084 2780 ut
1098 2732 1146 2782 sit:
1165 2747 1318 2784 reuersus
1338 2749 1355 2782 α

818 2799 930 2850 Telebois
942 2816 979 2850 me
989 2801 1022 2851 A.
1034 2802 1168 2856 dedicerit.
1181 2802 1355 2866 quemadmo-

813 2869 876 2918 dum
888 2871 915 2918 in
926 2869 1013 2920 eltero
1026 2871 1219 2934 epigrammate
1228 2871 1260 2934 V,
1269 2870 1304 2922 60
1315 2871 1353 2922 le·

811 2941 898 3003 gitur:
917 2931 1035 3002 τικήαας
1046 2933 1180 3004 ἀνέθηκε,
1193 2941 1211 2989 i.
1227 2957 1252 2992 e.
1265 2949 1353 3004 ,port-

811 3025 883 3073 quam
896 3011 1003 3070 oicerot,
1015 3025 1053 3058 me
1066 3009 1219 3060 dedicavit.“
1246 3010 1354 3060 Deinde

811 3093 917 3143 quoque
924 3093 985 3128 eum
992 3076 1090 3128 Wolfio
1100 3095 1131 3130 eo
1142 3079 1353 3146 offendor,quod

810 3147 914 3197 nullum
924 3163 1050 3213 umquam
1061 3149 1124 3198 milri
1136 3149 1255 3200 innotuit
1265 3166 1355 3200 exem·

810 3216 883 3282 plum
905 3217 981 3267 verbi
1004 3219 1090 3268 activi
1111 3214 1184 3268 νέειν
1210 3221 1356 3270 revertendi

811 3287 937 3348 notione,
956 3303 1009 3352 qus
1022 3287 1139 3338 medium
1156 3289 1267 3340 verbum
1281 3289 1354 3355 apud

810 3357 973 3420 Homerum,
987 3357 1174 3422 Apollonium,
1195 3359 1265 3410 alios
1283 3375 1353 3410 sem·

811 3442 858 3490 per
872 3427 990 3491 ponitur.
1015 3427 1093 3489 Quod
1106 3428 1177 3478 enim
1195 3443 1228 3478 ex
1240 3429 1354 3479 Homeri

811 3497 916 3572 Hymn,
930 3498 958 3546 in
976 3495 1066 3547 Cerer.
1088 3497 1138 3549 395
1159 3496 1289 3548 ederunt:
1313 3489 1353 3555 ὠς

810 3557 862 3629 μὲν
881 3581 934 3629 γαρ
959 3580 989 3614 κε
1011 3559 1123 3630 νέοντ’,
1154 3566 1231 3618 loeus
1256 3571 1353 3632 aperte

810 3635 988 3686 mendosuset
998 3635 1143 3687 lseunoaus
1155 3641 1204 3700 est,
1212 3639 1255 3688 cui
1262 3637 1355 3688 Ruhn-

810 3705 907 3755 kenius
921 3705 1021 3783 mederi
1037 3707 1143 3758 studuit
1158 3707 1294 3758 scribens:
1314 3698 1354 3763 ὡς

809 3767 861 3837 μὲν
878 3768 929 3838 γάρ
950 3789 966 3822 κ
998 3765 1156 3840 άνιοῦσ’,
1174 3777 1245 3842 quod
1262 3779 1352 3842 ipsum

809 3859 872 3893 num
892 3848 966 3894 recte
982 3859 1010 3896 se
1030 3843 1144 3910 hebeat,
1162 3848 1257 3898 merito
1275 3847 1353 3898 dubi-

809 3918 860 3974 tes,
876 3929 925 3964 nee
936 3913 1077 3978 quisquam
1090 3915 1223 3967 editorum
1236 3919 1351 3982 recepit.

810 3983 885 4032 Unus
904 3984 949 4048 qui
966 3983 1078 4036 effertur
1094 3985 1170 4036 locos
1184 3988 1261 4037 verbi
1276 3983 1352 4036 νέειν

809 4053 837 4102 in
851 4053 942 4102 ectivo
959 4055 1044 4117 positi
1055 4057 1128 4120 apud
1143 4055 1241 4108 Athen.
1255 4055 1306 4108 111.
1323 4073 1350 4123 p.

220 4119 298 4179 Quod
308 4108 520 4179 ᾱειλὶάνέδηκεν
533 4107 605 4181 ἐὸν,
614 4119 640 4168 id
651 4119 757 4184 quidem
807 4121 878 4173 86Α
904 4121 967 4185 (ubi
988 4123 1055 4176 haee
1076 4126 1226 4190 Sophronis
1250 4127 1351 4190 potitae

218 4185 347 4236 librorum
362 4187 523 4250 scriptorum
538 4189 702 4239 auctoritate
717 4191 758 4239 ni·
807 4191 890 4241 verba
904 4191 1063 4245 laudentur:
1077 4192 1237 4259 μελαινίδες
1249 4188 1350 4259 γάρτοι

219 4255 287 4302 titur
312 4271 345 4306 so
367 4255 448 4320 vulgo
475 4257 515 4308 ric
538 4257 643 4320 editur,
676 4258 757 4323 idque

808 4257 943 4324 νηοοῠντι
958 4253 1020 4324 λμλν
1042 4255 1071 4314 ἐκ
1091 4263 1144 4314 τοῦ
1163 4262 1268 4329 μικροῦ
1277 4259 1350 4328 λιμέ-

220 4323 302 4372 etium
323 4339 383 4374 eum
404 4325 541 4420 Bekbprpp,
562 4326 709 4416 illudendo·
729 4334 757 4379 et
807 4329 885 4392 νος),
900 4331 927 4380 iu
941 4346 972 4382 eo
986 4333 1135 4385 adveniendi
1148 4336 1241 4400 potius
1259 4337 1349 4388 notio-
