3038 4994
215 327 276 394 300

648 331 910 395 HERODOTI

213 505 405 575 συνειδέναι
421 503 458 575 δὲ
472 505 527 574 καὶ
541 503 619 588 τούς
633 512 796 588 Πυθίους.
820 505 966 592 δικάζειν
981 505 1018 578 δὲ
1032 503 1179 596 μούνους
1191 503 1270 588 τούς
1282 493 1343 597 {irr-¹

214 611 325 690 σιλέας
345 608 464 678 τοσάδε
484 615 610 698 μούνα·
644 607 834 700 πατρούχου
854 637 890 681 τε
910 613 1086 702 παρθένον
1109 615 1202 701 πέρι,
1231 614 1264 691 ἐς
1285 609 1343 682 τὸν

215 861 232 896 ιι
248 843 383 910 Delphico
399 843 449 896 deo
468 845 610 910 Spartanis
631 845 706 896 edita
724 851 754 896 et

215 931 232 965 a
249 916 372 980 regibus,
390 915 487 980 quibus
506 930 523 964 a
534 915 640 980 Pythiis
656 930 754 966 oracu-

214 985 301 1034 lorum
318 984 381 1034 hiuc
402 985 518 1034 consciis
533 985 688 1050 traduntur,
707 1001 754 1036 cu-

214 1054 327 1105 stodita.
364 1053 488 1103 Pertinet
505 1053 556 1103 hoc
573 1054 608 1102 ad
628 1055 753 1104 sacerdo·

214 1121 295 1173 talem
313 1123 387 1173 illam
407 1139 500 1188 regum
517 1123 695 1188 dignitatem,
720 1123 753 1174 da

215 1208 269 1257 qua
284 1192 338 1244 vid.
349 1197 419 1245 nott.
433 1191 468 1242 ad
478 1193 525 1255 Vl,
536 1194 578 1244 bb.
601 1193 679 1245 Haec
688 1207 752 1244 varo

214 1261 325 1312 oracula
337 1263 424 1313 literis
438 1263 588 1327 perscripta
598 1277 658 1313 ease
671 1265 699 1312 in
711 1266 753 1311 ta-

213 1331 285 1382 bulis
302 1347 403 1397 easque
419 1331 526 1382 tabulas
541 1331 669 1394 Spartam
685 1330 752 1381 alla-

213 1405 257 1451 tas
270 1415 330 1452 csse
343 1405 403 1467 ipsa
416 1417 459 1451 res
475 1401 575 1464 arguit.

248 1463 372 1530 δικάζειν
389 1462 421 1518 δὲ
442 1462 568 1532 μούνους
586 1459 653 1524 τούς
675 1464 752 1533 βασι-

213 1531 276 1596 λέας
286 1531 388 1588 τοσάδε
399 1537 503 1604 μοῦνα]
521 1538 660 1588 Neminem
671 1537 753 1603 fugit,

212 1609 337 1659 consulto
345 1611 474 1659 Nostrum
484 1598 753 1670 addidisseporivovs

213 1682 240 1730 et
253 1674 360 1742 μούνα,
381 1681 449 1728 solos
465 1693 543 1742 rages
562 1679 590 1728 in
604 1679 665 1727 solr's
676 1677 751 1728 hisce

213 1747 303 1799 nausis
313 1749 354 1797 ius
364 1747 454 1798 dicere
463 1747 673 1806 affirmaturum
687 1763 750 1796 nam

212 1817 327 1881 Spartae
341 1822 369 1868 et
382 1819 491 1882 gerusia
503 1822 531 1869 et
544 1817 592 1867 alii
607 1818 751 1882 magistra·

212 1891 257 1936 tus
273 1886 315 1937 ius
336 1887 464 1937 dicebant
480 1887 595 1952 litesque
615 1885 752 1951 discepta-

211 1955 279 2006 bant
291 1957 324 2006 de
336 1957 370 2006 iis
384 1956 480 2020 rebus,
498 1971 612 2022 quarum
626 1970 692 2006 cura
704 1971 751 2020 pu·

211 2025 282 2076 blica
298 2026 332 2075 iis
347 2027 479 2091 permissa
493 2031 561 2079 erat.
596 2026 672 2087 Quae
684 2040 750 2076 vero

211 2111 228 2146 s
238 2095 303 2145 solis
314 2097 423 2160 regibus
433 2096 630 2147 dirimebantur
639 2109 750 2158 caussa,

209 2169 267 2216 tres
289 2167 474 2230 proferuntur:
501 2165 534 2217 de
552 2165 608 2214 filia
631 2166 749 2214 omnium

209 2235 340 2286 bonorum
355 2240 529 2300 paternorum
546 2234 676 2296 haerede,
695 2235 751 2285 oni-

209 2321 271 2354 nam
286 2305 343 2356 soil.
357 2305 432 2356 illam
445 2306 545 2356 nubere
558 2309 693 2370 oporteat,
706 2305 751 2354 de-

209 2375 273 2424 inde
291 2375 324 2425 de
336 2375 498 2440 adoptione3
522 2375 593 2439 quod
605 2379 750 2438 utrumqne

210 2444 244 2494 ad
262 2445 362 2496 civium
382 2445 498 2495 salntem
521 2444 666 2509 gentisque
686 2457 751 2492 con·

209 2515 370 2565 servandam
382 2515 567 2579 integritatem
583 2511 666 2577 (quod
678 2527 750 2562 snm·

209 2584 245 2633 mi
258 2583 386 2634 momenti
400 2583 513 2634 Graecis
528 2582 611 2632 luisse
627 2579 748 2645 constat)

208 2669 269 2703 cum
284 2653 442 2716 pertineret,
454 2653 564 2703 summis
576 2666 682 2716 quoque
694 2667 749 2700 rna·

208 2722 383 2786 gistratibue,
412 2722 457 2785 qui
476 2733 553 2785 reges
575 2724 666 2780 erant,
690 2732 752 2784 per··

207 2791 319 2840 missum
332 2789 392 2840 luit¹
416 2793 474 2841 Nec
488 2789 568 2839 aliter
580 2788 696 2840 Athenis
708 2790 748 2838 in·

207 2859 344 2922 venimus,
362 2859 470 2924 regibus
485 2858 638 2921 abrogatis,
657 2859 692 2909 ad
704 2873 748 2909 ar·

207 2926 333 2978 chontem
347 2933 521 2992 epbnymum,
538 2927 585 2990 qui
597 2943 688 2978 curam
701 2945 747 2994 ge·

207 2997 285 3048 rebat
304 2999 423 3048 omnium
447 2997 602 3048 istiusmodi
620 2997 746 3062 filiarum,

206 3067 258 3118 hoc
269 3067 339 3116 idern
351 3069 393 3117 ius
403 3066 565 3118 translatum
575 3067 670 3118 fuisse.
688 3070 747 3118 Mo-

208 3137 268 3188 nuit
280 3135 310 3187 C.
325 3137 357 3187 0.
372 3137 493 3188 Mueller.
509 3138 572 3187 Dor.
592 3136 629 3186 11.
643 3153 668 3202 p.
686 3137 746 3200 103,

207 3221 266 3256 cnm
280 3222 333 3272 quo
346 3205 440 3258 eodem
452 3208 563 3257 tertium
578 3206 661 3269 illud,
684 3223 747 3258 cau·

207 3292 252 3327 aas
271 3277 304 3328 de
327 3277 380 3326 viis
405 3277 523 3342 publicis
542 3278 746 3339 conservandis,

207 3346 318 3411 opinor,
336 3351 419 3412 atque
437 3347 561 3398 tutandis
581 3347 747 3398 dirimendas

206 3415 241 3466 ad
254 3417 371 3467 militare
384 3433 476 3480 regum
490 3417 631 3482 imperium
646 3417 747 3468 referre

205 3484 270 3536 licet
285 3491 311 3535 et
323 3487 358 3537 ad
369 3489 489 3538 rationes
504 3503 563 3538 cunr
577 3485 639 3538 aliis
650 3487 748 3538 civita-

206 3555 281 3606 tibus
297 3558 447 3608 servandas
462 3573 494 3607 ac
507 3557 630 3607 tuendas.
767 3611 770 3618 ‚

241 3617 406 3690 πατρούχου
425 3640 453 3674 τε
474 3618 624 3688 παρθένου
642 3621 705 3686 πέρι
719 3641 744 3675 ιι.

205 3709 229 3742 τ.
243 3693 279 3759 1.]
297 3696 356 3745 Ηοο
371 3697 411 3744 ita
423 3695 644 3757 intelligendum,
662 3701 705 3758 ut,
721 3696 746 3746 si

206 3763 239 3814 de
252 3766 357 3828 nuptiis
373 3763 446 3814 filiae
460 3765 542 3815 orbae
560 3779 577 3814 a
590 3769 668 3828 patre
681 3781 746 3814 non-

206 3835 267 3884 dum
282 3835 464 3899 desponsatae
476 3835 509 3885 lis
522 3834 607 3897 tieret,
621 3833 745 3898 pluribus

206 3903 264 3954 scil.
279 3920 337 3956 earn
353 3904 405 3954 sibi
417 3903 622 3955 vindicantibus
635 3905 745 3970 eiusque

206 3977 408 4025 matrimonium
430 3973 647 4038 postulantibus,
667 3989 745 4040 reges

205 4045 281 4094 litem
309 4043 501 4096 diiudicarent.
538 4044 648 4095 Dicitur
672 4046 743 4095 euim

205 4105 744 4248 ιιιιιιἰιιιιιῑέιιξὲιιιιιιι

205 4253 248 4302 bis
260 4252 418 4302 Herodotea
429 4253 602 4317 respicientis
613 4268 673 4318 pag.
681 4253 744 4313 2083

206 4322 744 4375 addKortiinrinrbchlosser.etBeroht.

207 4391 315 4443 Archiv.
334 4393 371 4444 11.
389 4409 452 4459 pag.
473 4392 549 4458 162),
573 4380 591 4459 ᾖ
609 4384 746 4456 προσήκει

803 838 838 896 τὰ
851 843 903 896 τού
917 837 1025 910 πατρὸς
1037 837 1123 910 ipssa:
1142 859 1258 911 quocum
1274 843 1342 896 alios

802 917 996 982 grammaticos
1011 922 1116 967 veteres
1131 917 1283 966 consentire
1298 916 1342 966 ob·

804 990 897 1038 servat
910 986 1087 1036 Ruhnkenius
1103 985 1121 1035 l.
1134 984 1169 1048 l.,
1188 983 1258 1036 alias
1275 999 1341 1050 quo·

804 1072 855 1121 que
871 1055 1069 1121 appellationes
1088 1054 1219 1117 afferens,
1245 1054 1342 1120 quibus

803 1125 1342 1255 trilt'ttrltn‘dAlitis

802 1264 887 1326 tice,‘¹
900 1210 997 1328 ibquit,
1006 1231 1190 1327 ‚inrappog’J
1200 1254 1342 1326 ἐπιαληρί-

802 1347 858 1396 τις,
875 1325 1008 1397 lysippus·
1018 1329 1229 1397 οιτιατρούχος,
1244 1333 1342 1382 Dorice

803 1402 946 1452 dicebatur
976 1393 1162 1482 adsondpsooa,
1195 1391 1340 1464 ἐμπύρων,

802 1463 986 1536 inrumpatis,
1005 1462 1167 1535 ἐπιπαμωνι
1192 1469 1340 1536 dequibus

802 1541 957 1592 nominibus
980 1541 1111 1592 divinitus
1137 1541 1181 1590 Ti.
1204 1541 1341 1590 Hemster-

801 1611 860 1661 hus.
876 1610 912 1660 ad
924 1611 1042 1676 Hesych.
1059 1611 1093 1664 T.
1105 1611 1129 1660 1.
1143 1625 1169 1672 p.
1187 1609 1252 1660 1197
1266 1608 1339 1659 etad

804 1679 900 1731 Thon.
913 1681 985 1745 Mag.
999 1695 1026 1745 p.
1040 1679 1100 1732 346.
1135 1679 1238 1730 Eadem
1252 1695 1269 1728 s
1284 1680 1338 1728 Do·

801 1749 877 1800 ribus
895 1739 1030 1813 πύμωχος
1051 1765 1100 1814 pro
1121 1750 1269 1814 παμούχος
1286 1748 1340 1798 dici

802 1819 902 1884 potuit.
933 1818 1013 1870 Certe
1026 1812 1159 1883 ποίμοιχος
1171 1824 1230 1881 est,
1252 1820 1294 1882 ριιί
1304 1825 1341 1870 ιο·

800 1897 849 1938 turn
858 1888 1020 1940 hereditatem
1027 1889 1148 1952 possidet.
1171 1887 1339 1952 Hesychius:

802 1951 957 2023 Πύμωχος·
980 1951 1117 2022 ὁκύριος,
1137 1950 1246 2006 Ἰταλοί.
1273 1957 1340 2006 lude

800 2028 912 2078 verbnm
925 2022 1079 2092 παραρρέοι,
1094 2028 1229 2077 Laconica
1244 2040 1340 2087 παμω-

799 2097 852 2162 χιοῖ
861 2133 868 2161 ,
885 2099 1016 2161 possideo,
1036 2097 1108 2162 apud
1125 2097 1239 2147 eundem
1252 2097 1341 2159 Hesy-

799 2167 888 2218 chium
900 2167 928 2217 in
942 2183 969 2218 v.
983 2171 1010 2216 et
1024 2167 1053 2216 in
1065 2167 1171 2216 eximiis
1183 2165 1236 2216 illis
1247 2165 1339 2216 'labu-

798 2237 833 2287 lis
850 2236 1026 2288 Heracleens.
1042 2237 1065 2286 1.
1082 2251 1123 2287 vs.
1140 2235 1203 2298 120,
1233 2235 1266 2285 de
1284 2250 1337 2299 quo

798 2311 907 2372 praeter
919 2306 1091 2356 Maaochium
1111 2305 1165 2356 vid.
1183 2305 1233 2354 Ed.
1250 2304 1340 2354 Corsi-

801 2391 863 2425 num
876 2375 1000 2439 Prolegg.
1018 2375 1047 2424 in
1064 2379 1142 2424 notas
1155 2375 1202 2425 Gr.
1220 2390 1245 2438 p.
1263 2374 1297 2423 ‘20
1311 2377 1338 2424 et

799 2445 875 2496 Gisb.
892 2445 1026 2494 Koenium
1048 2442 1082 2492 ad
1097 2444 1209 2507 (ἕτερον.
1227 2443 1260 2493 de
1281 2443 1339 2494 dia·

798 2512 861 2564 leot.
872 2529 898 2576 p.
912 2513 991 2563 105.“
1013 2513 1153 2577 adscripsi
1166 2513 1231 2564 haec
1244 2514 1336 2575 verba,

800 2583 926 2647 qnoniam
940 2597 1025 2646 nuper
1041 2583 1149 2633 exstitit
1163 2582 1281 2634 Cebetas
1298 2575 1354 2644 (in'

799 2651 979 2702 Commentat.
993 2652 1074 2702 tertia
1086 2652 1214 2716 philolog.
1231 2653 1337 2703 Amste·

798 2721 897 2770 ledam.
909 2719 985 2772 1853.
998 2737 1025 2786 p.
1042 2721 1074 2772 13
1088 2723 1158 2772 etin
1169 2723 1337 2785 Mnemosyn.

798 2790 859 2839 Vll.
875 2805 900 2854 p.
914 2790 992 2855 312),
1014 2792 1061 2856 qui
1080 2807 1142 2842 cunr
1159 2791 1185 2842 h.
1199 2792 1216 2842 l.
1236 2795 1337 2856 agatur
1423 2831 1429 2844 .

798 2858 912 2922 deliria,
929 2875 999 2926 quaa
1012 2866 1090 2926 patre
1102 2861 1140 2911 sit
1152 2861 1232 2922 orba,
1248 2875 1337 2926 neque

798 2929 830 2981 de
843 2945 884 2993 ea,
899 2945 968 2994 quae
981 2937 1083 2995 patrem
1093 2931 1194 2981 lrabeat
1206 2929 1338 2996 (indeque

796 3005 911 3050 vocetur
923 2997 1110 3064 πατρούχος),
1134 3001 1162 3049 in
1179 3001 1239 3065 ipso
1252 2999 1339 3049 Hero-

797 3068 861 3120 doto
877 3085 926 3134 pro
940 3065 1105 3132 πατρούχου
1118 3069 1200 3120 scribi
1213 3069 1273 3120 vult
1285 3082 1339 3118 rru-

796 3131 918 3203 μούχουε
938 3140 1009 3204 qnod
1022 3138 1088 3190 mihi
1100 3137 1174 3188 haud
1189 3141 1338 3204 persuasit,

797 3209 844 3273 qui
860 3206 1023 3272 πατρούχον
1039 3207 1189 3270 παρθένον
1210 3207 1265 3258 dici
1279 3209 1338 3259 exi·

796 3278 903 3328 stimem
919 3293 978 3328 eam
997 3279 1145 3343 virginem,
1166 3293 1236 3341 quae
1252 3280 1340 3340 patris

796 3347 906 3410 eiusque
926 3349 1024 3398 mortui
1039 3347 1104 3398 hona
1122 3347 1216 3397 habeat
1234 3350 1340 3404 relicta,-

796 3417 870 3467 coui.
884 3418 966 3468 etiarn
980 3417 1095 3469 Bredov.
1114 3433 1139 3483 p.
1153 3417 1212 3468 191.
1239 3419 1339 3482 Itaque

796 3486 936 3551 vulgatam
961 3485 1105 3537 lectionem
1127 3485 1252 3538 omuibus
1271 3501 1340 3550 quc·

797 3572 849 3621 que
861 3556 938 3606 libris
950 3557 1060 3621 scriptia
1074 3558 1217 3620 probatam
1230 3561 1339 3607 mutare

796 3625 869 3676 haud
884 3625 999 3690 placuit.
1025 3626 1122 3690 Agitur
1134 3627 1159 3676 h.
1173 3625 1190 3675 l.
1205 3625 1237 3676 de
1250 3627 1336 3677 unica

795 3695 865 3754 fllia,
885 3695 1019 3759 adquam
1040 3695 1167 3746 defuncto
1184 3699 1262 3759 patre
1287 3695 1336 3746 hu-

794 3765 837 3816 ius
857 3765 929 3814 bona
950 3765 1041 3814 omnis
1059 3766 1155 3816 relicta
1173 3765 1336 3816 hereditatis

795 3835 854 3885 iure
868 3839 1024 3889 transeunt:
1046 3851 1115 3900 qnae
1130 3837 1202 3886 bona
1220 3849 1279 3884 cunr
1298 3837 1336 3887 ad

794 3907 879 3953 totam
903 3903 1033 3954 familiam
1057 3905 1226 3969 pertineant,
1253 3920 1336 3969 quam

794 3973 927 4039 integram
940 3989 1048 4024 servare
1062 3978 1203 4039 oporteat.
1218 3973 1336 4037 plerum·

795 4059 846 4108 que
874 4044 945 4093 iuter
971 4043 1090 4094 Graecos
1116 4045 1155 4096 sic
1179 4044 1336 4096 institutum

795 4128 855 4164 esse
866 4111 1004 4175 videmus,
1022 4119 1052 4163 ut
1064 4113 1119 4163 iilia
1132 4114 1198 4164 orba
1213 4115 1239 4164 ei
1253 4115 1338 4166 nube·

795 4188 851 4245 ret,
871 4183 918 4247 qui
930 4197 1028 4247 genere
1043 4187 1116 4234 essct
1127 4183 1279 4247 proximus,
1298 4185 1338 4235 is-

795 4267 848 4316 que
863 4254 921 4316 ipsc
938 4253 996 4304 iure
1011 4253 1089 4317 quasi
1109 4257 1245 4303 teneretur
1261 4251 1338 4304 illius

794 4321 823 4371 in
842 4322 1041 4372 matrimonium
1061 4323 1214 4373 ducendae:
1239 4323 1285 4387 qni
1311 4325 1338 4374 si
1421 4337 1431 4352 ·

795 4391 880 4442 nollet
893 4396 940 4442 ant
955 4408 1011 4442 nou
1026 4397 1135 4458 posset,
1155 4407 1215 4444 eum
1231 4391 1267 4442 ad
1282 4391 1338 4444 hoc
