2994 4972
467 372 848 452 yuunesreuonu.
872 377 909 436 v.
929 386 971 440 ιο.
1246 381 1286 439 τι

153 552 241 615 ἔνθα
254 545 413 634 βασιλεύς
426 573 461 615 τε
476 551 577 636 μέγας
593 553 725 617 δίαιταν
738 553 900 636 ποιέεται,
916 549 972 617 καὶ
986 539 1054 617 ’τοῖν
1067 549 1244 639 χρημάτων
1257 558 1291 620 ol

152 652 322 738 θησαυροὶ
342 651 491 720 ἐνθαῦτά
512 659 584 720 τίσι.
611 647 759 734 Ἐλόυτες
782 654 818 722 dl
835 651 960 740 ταύτην
979 650 1040 741 τὴν
1061 652 1179 740 πόλιν,
1200 663 1283 743 θαρ-

154 755 286 833 σέοντες
300 751 364 843 ἤδη
379 758 426 845 τῷ
440 761 501 824 Διῒ
514 753 659 823 ιτλούτου
674 759 749 844 τιέρι
765 759 893 844 ἐρίζετε.
917 751 1000 823 ἀλλά
1014 759 1090 844 περὶ
1103 757 1166 844 μὲν
1178 755 1287 846 χώρης

151 853 219 943 ἀρα
239 853 281 924 οὐ
300 863 440 946 πολλῆς,
456 852 535 927 οὐδὲ
549 855 635 926 οὕτω
649 863 805 948 χρηστῆς,
821 860 876 928 καὶ
891 855 1002 945 οὔρων
1015 864 1164 947 σμικρῶν
1177 860 1287 946 χροιάν

153 963 223 1028 ἐστι
244 955 347 1047 ὑμέας
368 961 473 1049 μάχας
492 958 741 1050 ἀναβάλλεσθαι
765 962 847 1051 πρός
869 990 904 1030 τε
920 951 1150 1050 Μεσσηνίους,
1171 960 1285 1043 ἐόντας

153 1065 349 1149 ἰσοπαλέας,
371 1066 426 1132 καλ
444 1061 603 1152 Ἀρκάδας
623 1091 657 1134 τε
678 1067 734 1134 καλ
752 1062 935 1156 Ἀργείους,
956 1081 1040 1134 τοῖσι
1061 1062 1137 1134 ου”τε
1159 1071 1286 1154 χρυσοῦ

152 1165 315 1255 ἐχόμενόν
334 1171 402 1236 ἐστι
424 1165 525 1237 οὐδὲν
543 1165 620 1237 οὔτε
640 1165 807 1258 ἀργύρου,
830 1173 898 1238 τῶν
919 1171 995 1257 ιτέρι
1014 1176 1073 1238 καί
1083 1195 1158 1238 τινα
1173 1168 1284 1256 ἐνάγει

150 1370 274 1416 vetemur
284 1366 439 1418 testimonia
452 1367 691 1434 praebetBrisson.
742 1367 786 1420 69.
801 1366 859 1419 109.
875 1367 932 1418 111.
948 1369 994 1432 vl,
1008 1369 1051 1420 23.
1066 1369 1109 1420 43.
1123 1369 1166 1422 84.
1182 1371 1244 1434 VII,
1257 1372 1284 1424 6.

151 1435 194 1484 De
209 1451 263 1500 reg.
278 1437 353 1489 Pers.
368 1439 482 1503 princip.
496 1438 617 1500 1,67.66
631 1439 692 1490 coll.
746 1437 787 1491 13.
808 1439 847 1488 17.
868 1439 924 1489 160.
944 1439 997 1501 IX,
1014 1439 1056 1488 41.
1084 1440 1199 1489 Verbum
1216 1434 1285 1490 ἀνα-

151 1504 181 1566 1,
203 1507 252 1554 182
272 1508 304 1556 de
324 1509 401 1570 gazis
420 1507 458 1557 ibi
475 1507 638 1571 reconditis,
660 1509 694 1558 de
744 1501 910 1572 βάλλεσθαι,
929 1507 1000 1571 quod
1017 1523 1109 1559 omnes
1128 1509 1205 1561 codd.
1220 1510 1285 1560 alle·

152 1575 253 1638 quihus
275 1577 436 1642 wesseling.
470 1577 588 1627 conferri
619 1577 693 1628 iubet
742 1582 818 1638 runt,
837 1576 986 1641 Schweigh.
1012 1583 1145 1627 mutatum
1171 1579 1232 1629 vult
1255 1582 1284 1630 in

150 1645 281 1695 Strabon.
297 1646 355 1698 XV.
366 1662 391 1711 p.
405 1647 455 1698 728
470 1663 491 1697 s.
509 1645 611 1698 1059Α.
644 1649 691 1698 Or.
742 1639 934 1712 ἀναλαβέσθαι
953 1661 1090 1710 eoseum,
1111 1663 1163 1712 quo
1176 1648 1232 1710 111,
1249 1649 1283 1700 69

150 1719 295 1779 praeterea
307 1713 339 1765 de
354 1716 446 1773 Susis,
458 1716 490 1767 de
506 1717 604 1781 quibus
620 1723 693 1767 vete·
743 1707 935 1783 ἀναλαβέσθαι
947 1712 1093 1782 ιιίνιλονον,
1104 1717 1176 1783 quod
1185 1720 1284 1782 prohat

150 1799 211 1834 rum
224 1785 693 1850 scriptorumlocoseongeaeitBris-
742 1784 891 1848 Matthiae,
904 1784 947 1835 his
960 1786 1076 1837 adiectis
1090 1787 1195 1837 verbis:
1216 1789 1283 1850 „Sic

150 1869 210 1904 son.
237 1855 277 1904 De
291 1870 346 1920 reg.
360 1856 434 1907 Pers.
450 1857 563 1920 princip.
584 1871 646 1921 pag.
659 1855 693 1908 83
743 1861 784 1906 est
796 1855 848 1917 ΙΙΙ,
862 1856 904 1906 69.
919 1846 1130 1922 ἀναβάλλεσθαι
1144 1853 1284 1906 κίνδυνον

150 1939 220 1988 seq„
235 1923 352 1974 conferri
368 1925 426 1974 vult
440 1925 538 1977 Athen.
553 1925 616 1975 xll.
630 1941 691 1991 pag.
743 1929 785 1975 est
797 1925 914 1987 differre,
925 1929 956 1974 ut
968 1925 1040 1989 apud
1055 1925 1179 1990 Thucyd.
1193 1926 1226 1988 V,
1238 1927 1282 1978 46.

150 1991 203 2044 513
217 1991 250 2043 F.
268 2009 330 2060 pag.
349 1993 399 2044 409
413 1994 564 2060 Schweigh.
583 1996 691 2048 Daniel.

150 2062 233 2124 Vlll,
250 2065 275 2114 2.
293 2063 404 2117 Nehem.
421 2064 445 2128 1,
461 2067 484 2116 l.
499 2064 625 2115 Bochart.
642 2065 694 2116 Ge-

150 2147 208 2196 ogr.
224 2147 293 2182 sacr.
309 2133 352 2197 ΙΙ,
371 2135 409 2184 14.
422 2149 448 2198 p.
464 2135 523 2198 451,
551 2134 692 2184 Mennert:

149 2202 250 2266 Geogr.
271 2203 309 2266 V,
324 2207 349 2256 2.
373 2218 435 2268 pag.
453 2203 504 2254 484
527 2208 554 2253 et
572 2205 695 2268 inprimis

148 2269 247 2320 Hoeclr
254 2289 261 2322 ι
268 2272 328 2324 Vet.
336 2273 405 2323 Med.
416 2277 443 2323 et
450 2274 540 2325 Perus.
547 2273 694 2328 Monumm.

149 2355 214 2406 pag.
230 2341 329 2393 9391.
360 2343 402 2392 Τιι
418 2343 471 2393 vid.
487 2358 555 2408 quae
574 2357 694 2393 ereneu-

150 2412 252 2460 tiorum
272 2412 503 2476 peregrinatorum
527 2412 693 2462 testimoniis

149 2480 293 2530 attulimus
313 2482 348 2530 ad
361 2481 421 2544 111,
439 2481 482 2536 70.
511 2483 542 2531 ln
561 2497 636 2547 seqq.
658 2481 694 2531 ad

148 2543 495 2600 ναιδσένθα-ἕνθαῦτά
514 2545 577 2612 εἱσι,
594 2554 622 2600 in
634 2551 693 2616 qui·

149 2619 203 2668 bue
215 2619 374 2670 adverbium
387 2620 530 2671 relativum
541 2613 637 2686 (ἔνθα)
649 2636 695 2671 ex-

150 2689 221 2752 cipit
231 2688 474 2741 demonstrativum
482 2682 644 2756 (ἐνθαῦτα),
656 2691 692 2740 σί.

149 2758 249 2808 Matth.
267 2759 313 2812 Gr.
329 2760 377 2809 Gr.
395 2763 418 2823 §.
432 2763 493 2822 479,
510 2759 535 2811 3.
550 2764 607 2809 not.

186 2824 227 2892 τῷ
235 2825 285 2876 Διῒ
296 2821 421 2878 πλούτου
435 2823 498 2892 ττέρι
511 2820 620 2894 ἐρίζετε]
636 2831 653 2879 l.
669 2844 691 2878 e.

149 2913 226 2958 „cum
239 2896 301 2948 Ιοοσ
320 2900 411 2948 dioilr'r'a
428 2908 529 2949 certare
544 2901 694 2963 poter-itis.“

149 2967 458 3032 Attigitpreverbialem
469 2968 631 3018 locutionem
640 2969 694 3018 Eu·

150 3035 235 3086 stath.
253 3035 288 3086 ad
307 3037 420 3100 Dionys.
436 3038 541 3103 Perieg.
562 3037 643 3088 1072:
664 3039 693 3086 in

150 3121 207 3170 qna
220 3108 335 3157 certandi
344 3107 454 3157 verbum
465 3115 575 3172 ponitur
583 3107 610 3156 in
623 3121 694 3157 com-

149 3176 294 3240 paratione
312 3177 345 3226 de
363 3176 554 3238 similitudino,
574 3181 604 3226 ut
624 3176 693 3226 bene

151 3250 269 3294 annotat
284 3245 414 3298 Valcken.
426 3247 516 3297 citans
529 3245 629 3296 Herod.
645 3245 692 3307 lv,

153 3314 214 3364 152.
238 3314 373 3364 Theocrit.
393 3315 446 3378 IV,
466 3331 508 3367 vs.
527 3314 569 3366 63.
593 3315 692 3367 Athen.

151 3383 205 3433 111.
224 3399 248 3448 p.
265 3385 298 3435 75
311 3386 344 3436 Il.
369 3383 428 3447 Sic,
450 3386 544 3435 eodem
558 3389 692 3444 monente,

151 3453 268 3503 σενιαιιίι·
282 3456 392 3506 verbnm
408 3454 480 3518 apud
494 3455 590 3504 Horat.
605 3452 691 3518 Epod.

151 3522 168 3571 2
180 3559 186 3582 ,
198 3523 240 3574 20.
255 3523 305 3573 Od.
320 3525 356 3584 11,
367 3521 392 3584 0,
406 3525 446 3586 15,
460 3524 506 3574 ubi
518 3523 601 3572 multe
612 3525 694 3572 Lam-

151 3591 241 3642 binus.
256 3619 289 3628 -
303 3593 334 3642 ln
348 3595 468 3658 proxime
483 3609 559 3658 seqq.
574 3593 694 3656 particu-

152 3659 204 3711 lam
215 3651 270 3725 ἀρα
279 3663 391 3713 adverte
404 3663 509 3728 aliquot
521 3661 610 3712 verbis
621 3666 695 3727 post-

151 3734 279 3795 positam.
304 3732 388 3783 Paulo
408 3733 488 3782 aliter
508 3733 560 3795 IV,
581 3731 629 3793 64,
649 3729 695 3782 ubi

152 3801 210 3850 vid.
224 3807 293 3851 nott.

187 3864 277 3934 χριάν
294 3861 350 3918 ἐστι
366 3860 452 3934 ὑμέας
468 3863 558 3934 μάχας
572 3859 695 3936 ἀναβάλ-

152 3939 263 4006 λεσθαι]
292 3940 346 3989 Pro
363 3931 454 4004 χρεάν
472 3939 648 3990 Florentinus
663 3938 695 3987 li·

151 4009 201 4060 ber
217 4015 244 4060 et
257 4009 308 4060 hoe
322 4007 382 4060 loeo
394 4015 421 4060 et
433 4008 570 4076 plerisque
582 4008 653 4068 allis,
665 4009 694 4058 in

153 4079 250 4144 quihus
269 4079 338 4129 haec
357 4094 409 4129 vox
427 4081 559 4138 occurrit,
580 4078 693 4144 praebet

152 4141 250 4214 χρεὸν,
270 4149 342 4214 quod
363 4154 523 4212 receperunt
541 4147 691 4212 Schweigh.

153 4223 181 4268 at
196 4217 350 4278 (laislord.;
372 4217 510 4283 vulgatam
524 4211 614 4282 χρεὼν
630 4217 694 4266 reti-

152 4289 212 4336 nuit
224 4287 373 4350 Matthiae,
391 4301 472 4353 quam
488 4287 599 4338 eandem
621 4287 693 4352 eqni·

153 4357 293 4408 demeum
319 4363 434 4408 reeentt.
461 4356 520 4410 edd.
549 4356 693 4407 tenendam

152 4425 231 4488 aare
254 4428 290 4478 ιι.
304 4427 332 4491 1,
349 4427 391 4478 ιι.
406 4427 448 4478 ιι.
466 4427 508 4490 ιι,
525 4425 582 4477 roe.
602 4425 638 4490 v,
651 4427 692 4478 so.

743 1993 805 2043 Non
815 1993 1038 2044 dissimulandum
1049 1999 1149 2057 tamen,
1161 1986 1283 2062 ἀναβάλ-

743 2061 842 2111 λεσθαι
873 2055 995 2126 πόλεμον
1019 2066 1173 2130 comparari
1202 2081 1282 2130 posse

745 2147 805 2182 eum
822 2121 1011 2181 ἀιατίθεσθαι
1026 2132 1155 2197 φορτίον,
1173 2135 1221 2185 sibi
1239 2139 1283 2186 irn-

742 2217 847 2265 penm,
863 2203 999 2263 surripere,
1011 2203 1044 2252 de
1056 2219 1108 2267 quo
1123 2203 1179 2255 vid.
1195 2206 1281 2270 Toup.

745 2271 803 2320 Em.
816 2269 889 2321 Suid.
903 2271 936 2322 T.
951 2271 972 2319 1.
984 2286 1046 2336 pag.
1060 2273 1141 2324 242.“
1164 2275 1283 2324 Attente

744 2339 872 2404 vulgatae
885 2341 1072 2404 patrocinatur
1084 2340 1239 2392 Schneider.
1254 2345 1283 2393 in

745 2411 810 2460 Lex.
832 2409 877 2460 Gr.
911 2423 1072 2472 comparans
1101 2411 1197 2458 similis
1218 2427 1283 2462 usus

744 2478 855 2529 verbum
872 2467 1059 2539 ἀναρρίπτειν
1071 2477 1284 2544 etAeschyleum

744 2547 812 2598 illud
824 2547 852 2597 S.
867 2562 890 2598 c.
903 2547 953 2596 Th.
969 2545 1035 2598 1030
1047 2547 1212 2613 (aseneth.)
1228 2540 1284 2597 ἀνά

744 2615 884 2666 κίνδυνον
898 2612 987 2682 βαλῶ,
1009 2618 1080 2682 quod
1092 2617 1182 2683 ipsum
1195 2618 1285 2668 Blom-

744 2686 806 2738 field
826 2685 929 2736 Graece
947 2685 1001 2736 dici
1019 2701 1099 2750 posse
1119 2702 1223 2752 negans
1244 2688 1284 2738 sic

744 2755 874 2807 mutavit:
885 2747 953 2818 ιιάμέ
963 2748 1088 2823 κινδύνῳ
1095 2754 1179 2822 βαλῶ,
1188 2773 1284 2822 parum

745 2833 818 2878 recte
827 2840 886 2876 mea
895 2825 1002 2890 quidem
1012 2841 1044 2876 ex
1054 2829 1200 2880 sententia.
1213 2829 1283 2878 Nam

744 2897 789 2946 hie
800 2897 858 2960 ipse
868 2895 1003 2945 Herodoti
1014 2895 1101 2959 locus,
1115 2897 1162 2962 qni
1175 2911 1229 2947 non
1243 2897 1284 2947 su-

744 2966 786 3032 git
797 2966 916 3015 Passow.
932 2965 960 3014 in
973 2965 1039 3016 Lex.
1053 2965 1116 3027 Gr..
1131 2981 1224 3016 verum
1238 2967 1285 3016 do·

744 3051 805 3087 cere
818 3039 933 3100 poteret.
951 3035 1049 3099 Itaque
1064 3036 1148 3099 probo
1158 3035 1283 3100 equidem

762 3104 816 3156 uod
831 3104 910 3154 Both.
925 3104 1047 3154 restituit
1058 3094 1132 3153 κάνά
1145 3101 1284 3154 κίνδυνον

743 3121 831 3241 βαλῶ,
851 3172 922 3239 quod
940 3173 1042 3223 dietum
1053 3189 1101 3238 pro
1121 3169 1169 3222 ιιαλ
1187 3171 1284 3223 κίνδυ-

743 3259 796 3292 νον
813 3237 944 3309 ἀναβαλῶ
957 3243 1028 3292 idem
1045 3243 1120 3293 valet
1137 3248 1220 3308 atque
1236 3237 1284 3290 καλ

743 3303 893 3374 ἀναρρίψιο
906 3308 1060 3375 κίνδυνον,
1075 3318 1105 3362 ut
1117 3313 1186 3363 hene
1200 3315 1284 3363 iuter-

743 3387 867 3448 pretatur
892 3380 1064 3431 Ahreschius.
1111 3383 1168 3432 Nee
1194 3398 1285 3433 moror

743 3452 854 3502 verbum
867 3449 997 3513 medium,
1011 3451 1039 3500 in
1052 3465 1105 3516 quo
1116 3452 1176 3516 ipso
1190 3451 1285 3503 haeret
1331 3449 1336 3460 '

744 3518 1025 3584 Schweighaeuserus.
1045 3521 1077 3570 In
1087 3525 1202 3571 mentem
1214 3523 1285 3572 enirn

744 3591 857 3640 veniunt
883 3582 1066 3652 ἀναιρεῖσθαι
1090 3584 1216 3655 πόλεμον
1239 3591 1285 3657 (V,

745 3659 805 3722 36),
826 3657 881 3708 alia
897 3658 924 3708 ld
941 3674 1035 3720 genus.
1065 3660 1163 3726 ltaque
1183 3661 1286 3711 retinui

745 3745 805 3780 cum
814 3733 926 3778 recentt.
938 3728 999 3779 edd.
1011 3721 1233 3794 ἀναβάλλεσθαι,
1245 3731 1286 3779 id·

746 3815 798 3864 que
813 3799 846 3848 de
859 3813 890 3848 eo
906 3797 1045 3864 intelligo,
1063 3799 1108 3864 qui
1123 3816 1230 3864 pupnom
1246 3799 1286 3862 (in

746 3884 775 3920 ee
787 3867 875 3933 quasi)
886 3870 998 3930 suscipit.
1024 3868 1066 3918 Ad
1079 3884 1172 3918 vocem
1186 3861 1285 3914 ἰσοπα-

744 3935 821 3996 λέας,
849 3952 902 4002 qua
928 3939 1010 3987 etiam
1027 3939 1113 3987 utitur
1133 3933 1284 3998 Thucydid.

743 4007 786 4068 11,
803 4005 836 4058 39
848 4013 875 4056 et
889 4007 942 4066 lv,
956 4007 1003 4066 94,
1022 4007 1101 4071 plura
1113 4003 1199 4054 allata
1212 4003 1286 4050 inve-

744 4077 802 4127 nies
817 4077 844 4124 in
854 4075 936 4126 Thes.
945 4077 1023 4138 Ling.
1032 4075 1128 4125 Graec.
1140 4071 1186 4121 lv,
1196 4085 1221 4135 p.
1235 4069 1286 4120 676

745 4147 787 4199 ed.
805 4145 931 4195 Dindorl.
946 4144 1102 4194 Herodotus
1124 4155 1157 4190 eo
1179 4153 1287 4205 qnoque

744 4216 864 4275 utitur1‚
875 4215 917 4265 82.
940 4214 973 4263 ln
987 4227 1062 4276 seqq.
1079 4209 1113 4259 ed
1128 4209 1210 4260 verba
1223 4225 1289 4274 χρυ-

746 4283 798 4334 σοῦ
814 4275 948 4348 ἐχόμενόν
968 4272 1024 4330 ἐστι
1038 4270 1124 4328 οάιλέν
1140 4281 1175 4333 ci.
1194 4280 1285 4331 landd.

744 4354 780 4404 ad
800 4353 858 4416 Ill,
877 4352 912 4403 66
930 4356 958 4403 et
983 4349 1151 4402 adverbum
1177 4340 1288 4417 ἐνάγειν

744 4425 793 4488 1v,
811 4422 853 4476 79.
