<?xml version="1.0" encoding="UTF-8"?>
<!DOCTYPE html PUBLIC "-//W3C//DTD XHTML 1.0 Transitional//EN"
    "http://www.w3.org/TR/xhtml1/DTD/xhtml1-transitional.dtd">
<html xmlns="http://www.w3.org/1999/xhtml" xml:lang="en" lang="en">
 <head>
  <title>
</title>
<meta http-equiv="Content-Type" content="text/html;charset=utf-8" />
  <meta name='ocr-system' content='tesseract 3.04.00' />
  <meta name='ocr-capabilities' content='ocr_page ocr_carea ocr_par ocr_line ocrx_word'/>
</head>
<body>
  <div class='ocr_page' id='page_1' title='image "./herodotihalicar01bhgoog_0769.png"; bbox 0 0 2958 5010; ppageno 0'>
   <div class='ocr_carea' id='block_1_1' title="bbox 162 359 1459 1870">
    <p class='ocr_par' dir='ltr' id='par_1_1' title="bbox 223 359 1459 1039">
     <span class='ocr_line' id='line_1_1' title="bbox 226 359 1459 510; baseline 0.005 -88"><span class='ocrx_word' id='word_1_1' title='bbox 226 359 287 422; x_wconf 83' lang='lat'><strong>754</strong></span> <span class='ocrx_word' id='word_1_2' title='bbox 657 359 924 424; x_wconf 80' lang='lat' dir='ltr'>HERODOTI</span> <span class='ocrx_word' id='word_1_3' title='bbox 1456 367 1459 510; x_wconf 58' lang='grc' dir='ltr'><strong>ἰ</strong></span> 
     </span>
     <span class='ocr_line' id='line_1_2' title="bbox 226 533 1459 626; baseline -0.004 -19"><span class='ocrx_word' id='word_1_4' title='bbox 226 541 331 626; x_wconf 83' lang='grc' dir='ltr'><strong>μενοῦ</strong></span> <span class='ocrx_word' id='word_1_5' title='bbox 349 563 386 606; x_wconf 81' lang='grc' dir='ltr'><strong><em>τε</em></strong></span> <span class='ocrx_word' id='word_1_6' title='bbox 404 539 463 623; x_wconf 80' lang='grc' dir='ltr'><strong><em>τῆς</em></strong></span> <span class='ocrx_word' id='word_1_7' title='bbox 481 533 658 624; x_wconf 77' lang='grc' dir='ltr'><strong>Ἀρκαδίης</strong></span> <span class='ocrx_word' id='word_1_8' title='bbox 681 545 786 605; x_wconf 84' lang='grc' dir='ltr'><strong><em>είκοσι</em></strong></span> <span class='ocrx_word' id='word_1_9' title='bbox 807 537 863 604; x_wconf 85' lang='grc' dir='ltr'><strong>καὶ</strong></span> <span class='ocrx_word' id='word_1_10' title='bbox 878 534 1016 622; x_wconf 80' lang='grc' dir='ltr'><strong><em>ἑκατόν,</em></strong></span> <span class='ocrx_word' id='word_1_11' title='bbox 1042 537 1098 606; x_wconf 85' lang='grc' dir='ltr'><strong>καλ</strong></span> <span class='ocrx_word' id='word_1_12' title='bbox 1122 540 1161 606; x_wconf 81' lang='grc' dir='ltr'><strong>ἐκ</strong></span> <span class='ocrx_word' id='word_1_13' title='bbox 1180 541 1248 624; x_wconf 81' lang='grc' dir='ltr'><strong><em>τῆς</em></strong></span> <span class='ocrx_word' id='word_1_14' title='bbox 1268 539 1394 621; x_wconf 71' lang='grc' dir='ltr'><strong><em>λοιπῆς</em></strong></span> <span class='ocrx_word' id='word_1_15' title='bbox 1457 559 1459 574; x_wconf 80' lang='lat'><strong>¹</strong></span> 
     </span>
     <span class='ocr_line' id='line_1_3' title="bbox 223 626 1396 730; baseline -0.003 -20"><span class='ocrx_word' id='word_1_16' title='bbox 223 639 400 730; x_wconf 76' lang='grc' dir='ltr'><strong>Ἀρκαδίης</strong></span> <span class='ocrx_word' id='word_1_17' title='bbox 419 648 533 727; x_wconf 78' lang='grc' dir='ltr'><strong><em>χίλιοι·</em></strong></span> <span class='ocrx_word' id='word_1_18' title='bbox 564 647 717 710; x_wconf 83' lang='grc' dir='ltr'><strong><em>τοσοῦτοι</em></strong></span> <span class='ocrx_word' id='word_1_19' title='bbox 738 639 800 728; x_wconf 78' lang='grc' dir='ltr'><strong>μὲν</strong></span> <span class='ocrx_word' id='word_1_20' title='bbox 815 637 1003 727; x_wconf 80' lang='grc' dir='ltr'><strong><em>Ἀρκάδων·</em></strong></span> <span class='ocrx_word' id='word_1_21' title='bbox 1041 626 1106 708; x_wconf 77' lang='grc' dir='ltr'><strong>όπδ</strong></span> <span class='ocrx_word' id='word_1_22' title='bbox 1129 640 1170 709; x_wconf 76' lang='grc' dir='ltr'><strong>δὲ</strong></span> <span class='ocrx_word' id='word_1_23' title='bbox 1194 647 1396 728; x_wconf 78' lang='grc' dir='ltr'><strong><em>Κορίνθου</em></strong></span> 
     </span>
     <span class='ocr_line' id='line_1_4' title="bbox 227 741 1397 836; baseline -0.003 -22"><span class='ocrx_word' id='word_1_24' title='bbox 227 745 435 834; x_wconf 88' lang='grc' dir='ltr'><strong><em>τετρακόσιοι</em></strong></span> <span class='ocrx_word' id='word_1_25' title='bbox 444 795 455 836; x_wconf 90' lang='grc'><strong><em>,</em></strong></span> <span class='ocrx_word' id='word_1_26' title='bbox 481 745 537 812; x_wconf 81' lang='grc' dir='ltr'><strong>καὶ</strong></span> <span class='ocrx_word' id='word_1_27' title='bbox 563 741 628 814; x_wconf 78' lang='grc' dir='ltr'><strong>ἀπό</strong></span> <span class='ocrx_word' id='word_1_28' title='bbox 649 749 833 825; x_wconf 81' lang='grc' dir='ltr'><strong><em>Φλιοῦντος</em></strong></span> <span class='ocrx_word' id='word_1_29' title='bbox 861 743 1041 832; x_wconf 88' lang='grc' dir='ltr'><strong><em>διηκόσιοι,</em></strong></span> <span class='ocrx_word' id='word_1_30' title='bbox 1071 747 1129 812; x_wconf 85' lang='grc' dir='ltr'><strong>καλ</strong></span> <span class='ocrx_word' id='word_1_31' title='bbox 1149 750 1397 832; x_wconf 74' lang='grc' dir='ltr'><strong><em>Μυκηναίων</em></strong></span> 
     </span>
     <span class='ocr_line' id='line_1_5' title="bbox 229 837 1398 936; baseline -0.006 -16"><span class='ocrx_word' id='word_1_32' title='bbox 229 845 433 936; x_wconf 76' lang='grc' dir='ltr'><strong><em>ὀγδώκοντα.</em></strong></span> <span class='ocrx_word' id='word_1_33' title='bbox 470 837 562 916; x_wconf 83' lang='grc' dir='ltr'><strong><em>οὗτοι</em></strong></span> <span class='ocrx_word' id='word_1_34' title='bbox 584 849 646 936; x_wconf 73' lang='grc' dir='ltr'><strong>μὲν</strong></span> <span class='ocrx_word' id='word_1_35' title='bbox 666 845 732 918; x_wconf 83' lang='grc' dir='ltr'><strong>όπδ</strong></span> <span class='ocrx_word' id='word_1_36' title='bbox 753 849 1018 936; x_wconf 78' lang='grc' dir='ltr'><strong><em>Πελοποννήσου</em></strong></span> <span class='ocrx_word' id='word_1_37' title='bbox 1040 853 1213 936; x_wconf 80' lang='grc' dir='ltr'><strong><em>παρῆσαν.</em></strong></span> <span class='ocrx_word' id='word_1_38' title='bbox 1253 845 1398 918; x_wconf 75' lang='grc' dir='ltr'><strong><em>ἀπὸδὲ</em></strong></span> 
     </span>
     <span class='ocr_line' id='line_1_6' title="bbox 229 950 1453 1039; baseline -0.005 -16"><span class='ocrx_word' id='word_1_39' title='bbox 229 958 404 1036; x_wconf 79' lang='grc' dir='ltr'><strong><em>Βοιωτόν,</em></strong></span> <span class='ocrx_word' id='word_1_40' title='bbox 432 953 607 1024; x_wconf 77' lang='grc' dir='ltr'><strong><em>Θεσπιέων</em></strong></span> <span class='ocrx_word' id='word_1_41' title='bbox 626 978 662 1021; x_wconf 86' lang='grc' dir='ltr'><strong><em>τε</em></strong></span> <span class='ocrx_word' id='word_1_42' title='bbox 684 951 874 1022; x_wconf 79' lang='grc' dir='ltr'><strong><em>ἑπτακόσιοι</em></strong></span> <span class='ocrx_word' id='word_1_43' title='bbox 893 954 949 1020; x_wconf 83' lang='grc' dir='ltr'><strong>καὶ</strong></span> <span class='ocrx_word' id='word_1_44' title='bbox 965 957 1125 1039; x_wconf 82' lang='grc' dir='ltr'><strong><em>Θηβαίων</em></strong></span> <span class='ocrx_word' id='word_1_45' title='bbox 1145 950 1396 1038; x_wconf 75' lang='grc' dir='ltr'><strong><em>τετρακόσιοι.</em></strong></span> <span class='ocrx_word' id='word_1_46' title='bbox 1450 958 1453 1032; x_wconf 67' lang='lat' dir='ltr'><strong>l</strong></span> 
     </span>
    </p>

    <p class='ocr_par' dir='ltr' id='par_1_2' title="bbox 162 1047 1453 1870">
     <span class='ocr_line' id='line_1_7' title="bbox 162 1047 1453 1146; baseline 0 -24"><span class='ocrx_word' id='word_1_47' title='bbox 162 1060 223 1123; x_wconf 84' lang='grc'><strong>203</strong></span> <span class='ocrx_word' id='word_1_48' title='bbox 231 1055 321 1146; x_wconf 87' lang='grc' dir='ltr'><strong><em>Πρὸς</em></strong></span> <span class='ocrx_word' id='word_1_49' title='bbox 347 1055 494 1125; x_wconf 89' lang='grc' dir='ltr'><strong><em>τοότοισι</em></strong></span> <span class='ocrx_word' id='word_1_50' title='bbox 524 1057 695 1144; x_wconf 84' lang='grc' dir='ltr'><strong><em>ἐπίκλητοι</em></strong></span> <span class='ocrx_word' id='word_1_51' title='bbox 722 1057 876 1141; x_wconf 77' lang='grc' dir='ltr'><strong><em>ἐγένοντο</em></strong></span> <span class='ocrx_word' id='word_1_52' title='bbox 901 1063 1028 1141; x_wconf 85' lang='grc' dir='ltr'><strong><em>Λοκροί</em></strong></span> <span class='ocrx_word' id='word_1_53' title='bbox 1051 1082 1086 1124; x_wconf 86' lang='grc' dir='ltr'><strong><em>τε</em></strong></span> <span class='ocrx_word' id='word_1_54' title='bbox 1115 1059 1150 1124; x_wconf 81' lang='lat' dir='ltr'><strong>ol</strong></span> <span class='ocrx_word' id='word_1_55' title='bbox 1176 1052 1398 1124; x_wconf 76' lang='grc' dir='ltr'><strong><em>Ὀπούντιοι</em></strong></span> <span class='ocrx_word' id='word_1_56' title='bbox 1452 1047 1453 1070; x_wconf 62' lang='grc'>’</span> 
     </span>
     <span class='ocr_line' id='line_1_8' title="bbox 232 1155 1399 1248; baseline -0.005 -16"><span class='ocrx_word' id='word_1_57' title='bbox 232 1165 438 1248; x_wconf 74' lang='grc' dir='ltr'><strong><em>πανστρατιῇ</em></strong></span> <span class='ocrx_word' id='word_1_58' title='bbox 453 1159 508 1228; x_wconf 85' lang='grc' dir='ltr'><strong>καλ</strong></span> <span class='ocrx_word' id='word_1_59' title='bbox 519 1163 667 1230; x_wconf 86' lang='grc' dir='ltr'><strong><em>Φωκίων</em></strong></span> <span class='ocrx_word' id='word_1_60' title='bbox 680 1165 790 1246; x_wconf 82' lang='grc' dir='ltr'><strong><em>χίλιοι.</em></strong></span> <span class='ocrx_word' id='word_1_61' title='bbox 818 1155 914 1228; x_wconf 83' lang='grc' dir='ltr'><strong><em>αὐτοὶ</em></strong></span> <span class='ocrx_word' id='word_1_62' title='bbox 928 1158 993 1248; x_wconf 77' lang='grc' dir='ltr'><strong>γάρ</strong></span> <span class='ocrx_word' id='word_1_63' title='bbox 1006 1181 1110 1245; x_wconf 87' lang='grc' dir='ltr'><strong><em>σφεας</em></strong></span> <span class='ocrx_word' id='word_1_64' title='bbox 1122 1161 1399 1230; x_wconf 73' lang='grc' dir='ltr'><strong><em>ἐπεκαλέσαντο</em></strong></span> 
     </span>
     <span class='ocr_line' id='line_1_9' title="bbox 231 1257 1426 1351; baseline -0.001 -16"><span class='ocrx_word' id='word_1_65' title='bbox 231 1271 265 1336; x_wconf 89' lang='grc' dir='ltr'><strong>οί</strong></span> <span class='ocrx_word' id='word_1_66' title='bbox 275 1262 450 1351; x_wconf 83' lang='grc' dir='ltr'><strong><em>Ἕλληνες,</em></strong></span> <span class='ocrx_word' id='word_1_67' title='bbox 471 1265 624 1349; x_wconf 78' lang='grc' dir='ltr'><strong><em>λέγοντες</em></strong></span> <span class='ocrx_word' id='word_1_68' title='bbox 639 1259 684 1332; x_wconf 90' lang='grc' dir='ltr'><strong><em>δι’</em></strong></span> <span class='ocrx_word' id='word_1_69' title='bbox 702 1259 870 1349; x_wconf 76' lang='grc' dir='ltr'><strong><em>ἀγγέλων,</em></strong></span> <span class='ocrx_word' id='word_1_70' title='bbox 892 1257 937 1342; x_wconf 71' lang='grc' dir='ltr'><strong><em>σός</em></strong></span> <span class='ocrx_word' id='word_1_71' title='bbox 957 1259 1053 1330; x_wconf 80' lang='grc' dir='ltr'><strong><em>αὐτοὶ</em></strong></span> <span class='ocrx_word' id='word_1_72' title='bbox 1067 1262 1129 1349; x_wconf 74' lang='grc' dir='ltr'><strong>μὲν</strong></span> <span class='ocrx_word' id='word_1_73' title='bbox 1149 1259 1282 1350; x_wconf 78' lang='grc' dir='ltr'><strong><em>ἥκοιεν</em></strong></span> <span class='ocrx_word' id='word_1_74' title='bbox 1303 1261 1397 1349; x_wconf 78' lang='grc' dir='ltr'><strong><em>στρό-</em></strong></span> <span class='ocrx_word' id='word_1_75' title='bbox 1420 1319 1426 1334; x_wconf 91' lang='grc'><strong><em>.</em></strong></span> 
     </span>
     <span class='ocr_line' id='line_1_10' title="bbox 232 1361 1394 1456; baseline -0.006 -17"><span class='ocrx_word' id='word_1_76' title='bbox 232 1375 350 1456; x_wconf 85' lang='grc' dir='ltr'><strong><em>δρομοι</em></strong></span> <span class='ocrx_word' id='word_1_77' title='bbox 370 1371 439 1434; x_wconf 80' lang='grc' dir='ltr'><strong>τόν</strong></span> <span class='ocrx_word' id='word_1_78' title='bbox 454 1363 582 1452; x_wconf 80' lang='grc' dir='ltr'><strong><em>ἄλλων,</em></strong></span> <span class='ocrx_word' id='word_1_79' title='bbox 614 1371 650 1436; x_wconf 81' lang='lat' dir='ltr'><strong>ol</strong></span> <span class='ocrx_word' id='word_1_80' title='bbox 667 1365 704 1435; x_wconf 68' lang='grc' dir='ltr'><strong>δὲ</strong></span> <span class='ocrx_word' id='word_1_81' title='bbox 721 1367 830 1435; x_wconf 82' lang='grc' dir='ltr'><strong><em>λοιποὶ</em></strong></span> <span class='ocrx_word' id='word_1_82' title='bbox 849 1371 919 1434; x_wconf 73' lang='grc' dir='ltr'><strong><em>τοῖν</em></strong></span> <span class='ocrx_word' id='word_1_83' title='bbox 938 1365 1122 1453; x_wconf 82' lang='grc' dir='ltr'><strong><em>συμμάχων</em></strong></span> <span class='ocrx_word' id='word_1_84' title='bbox 1143 1361 1394 1454; x_wconf 72' lang='grc' dir='ltr'><strong><em>προσδόκιμοι</em></strong></span> 
     </span>
     <span class='ocr_line' id='line_1_11' title="bbox 231 1464 1393 1559; baseline -0.003 -17"><span class='ocrx_word' id='word_1_85' title='bbox 231 1470 342 1542; x_wconf 81' lang='grc' dir='ltr'><strong><em>πᾶσάν</em></strong></span> <span class='ocrx_word' id='word_1_86' title='bbox 362 1475 427 1538; x_wconf 83' lang='grc' dir='ltr'><strong><em>εἰσι</em></strong></span> <span class='ocrx_word' id='word_1_87' title='bbox 450 1464 593 1557; x_wconf 76' lang='grc' dir='ltr'><strong><em>ἡμέρην,</em></strong></span> <span class='ocrx_word' id='word_1_88' title='bbox 627 1465 647 1557; x_wconf 78' lang='grc' dir='ltr'><em>ἡ</em></span> <span class='ocrx_word' id='word_1_89' title='bbox 676 1469 831 1540; x_wconf 76' lang='grc' dir='ltr'><strong><em>θάλασσα’</em></strong></span> <span class='ocrx_word' id='word_1_90' title='bbox 850 1473 889 1538; x_wconf 82' lang='grc' dir='ltr'><strong><em>τί</em></strong></span> <span class='ocrx_word' id='word_1_91' title='bbox 905 1492 967 1557; x_wconf 88' lang='grc' dir='ltr'><strong><em>σφι</em></strong></span> <span class='ocrx_word' id='word_1_92' title='bbox 988 1479 1040 1556; x_wconf 83' lang='grc' dir='ltr'><strong>είη</strong></span> <span class='ocrx_word' id='word_1_93' title='bbox 1061 1473 1098 1540; x_wconf 79' lang='grc' dir='ltr'><strong>ἐν</strong></span> <span class='ocrx_word' id='word_1_94' title='bbox 1116 1476 1287 1559; x_wconf 85' lang='grc' dir='ltr'><strong><em>φυλακῇ,</em></strong></span> <span class='ocrx_word' id='word_1_95' title='bbox 1324 1465 1393 1538; x_wconf 77' lang='grc' dir='ltr'><strong>ὑπ’</strong></span> 
     </span>
     <span class='ocr_line' id='line_1_12' title="bbox 225 1571 1394 1663; baseline -0.003 -19"><span class='ocrx_word' id='word_1_96' title='bbox 225 1573 418 1663; x_wconf 79' lang='grc' dir='ltr'><strong><em>Ἀθηναίων</em></strong></span> <span class='ocrx_word' id='word_1_97' title='bbox 445 1599 480 1642; x_wconf 88' lang='grc' dir='ltr'><strong><em>τε</em></strong></span> <span class='ocrx_word' id='word_1_98' title='bbox 507 1574 739 1662; x_wconf 79' lang='grc' dir='ltr'><strong><em>φρουρεομένη</em></strong></span> <span class='ocrx_word' id='word_1_99' title='bbox 762 1575 817 1642; x_wconf 80' lang='grc' dir='ltr'><strong>καὶ</strong></span> <span class='ocrx_word' id='word_1_100' title='bbox 838 1576 1049 1662; x_wconf 74' lang='grc' dir='ltr'><strong><em>Αἰγινητέων</em></strong></span> <span class='ocrx_word' id='word_1_101' title='bbox 1076 1575 1227 1642; x_wconf 75' lang='grc' dir='ltr'><strong><em>καὶτῶν</em></strong></span> <span class='ocrx_word' id='word_1_102' title='bbox 1255 1579 1295 1656; x_wconf 85' lang='grc' dir='ltr'><strong>ἐς</strong></span> <span class='ocrx_word' id='word_1_103' title='bbox 1330 1571 1394 1642; x_wconf 86' lang='grc' dir='ltr'><strong>τόν</strong></span> 
     </span>
     <span class='ocr_line' id='line_1_13' title="bbox 230 1673 1392 1764; baseline -0.003 -15"><span class='ocrx_word' id='word_1_104' title='bbox 230 1675 390 1749; x_wconf 87' lang='grc' dir='ltr'><strong><em>ναυτικόν</em></strong></span> <span class='ocrx_word' id='word_1_105' title='bbox 410 1673 553 1764; x_wconf 88' lang='grc' dir='ltr'><strong><em>στρατόν</em></strong></span> <span class='ocrx_word' id='word_1_106' title='bbox 572 1678 782 1764; x_wconf 78' lang='grc' dir='ltr'><strong><em>ταχθέντων,</em></strong></span> <span class='ocrx_word' id='word_1_107' title='bbox 805 1683 864 1744; x_wconf 91' lang='grc' dir='ltr'><strong>καί</strong></span> <span class='ocrx_word' id='word_1_108' title='bbox 882 1698 944 1764; x_wconf 88' lang='grc' dir='ltr'><strong><em>σφι</em></strong></span> <span class='ocrx_word' id='word_1_109' title='bbox 964 1687 1016 1764; x_wconf 76' lang='grc' dir='ltr'><strong>εἴη</strong></span> <span class='ocrx_word' id='word_1_110' title='bbox 1039 1675 1154 1745; x_wconf 85' lang='grc' dir='ltr'><strong><em>δεινόν</em></strong></span> <span class='ocrx_word' id='word_1_111' title='bbox 1172 1673 1311 1747; x_wconf 81' lang='grc' dir='ltr'><strong><em>οὐδέν·</em></strong></span> <span class='ocrx_word' id='word_1_112' title='bbox 1349 1673 1392 1745; x_wconf 73' lang='lat' dir='ltr'><strong>orl</strong></span> 
     </span>
     <span class='ocr_line' id='line_1_14' title="bbox 230 1777 1391 1870; baseline 0 -20"><span class='ocrx_word' id='word_1_113' title='bbox 230 1779 294 1870; x_wconf 79' lang='grc' dir='ltr'><strong>γὰρ</strong></span> <span class='ocrx_word' id='word_1_114' title='bbox 310 1778 395 1851; x_wconf 82' lang='grc' dir='ltr'><strong><em>θεὸν</em></strong></span> <span class='ocrx_word' id='word_1_115' title='bbox 414 1778 502 1850; x_wconf 83' lang='grc' dir='ltr'><strong><em>εἶναι</em></strong></span> <span class='ocrx_word' id='word_1_116' title='bbox 516 1777 575 1849; x_wconf 89' lang='grc' dir='ltr'><strong>τόν</strong></span> <span class='ocrx_word' id='word_1_117' title='bbox 589 1779 725 1850; x_wconf 79' lang='grc' dir='ltr'><strong><em>ἐπιόντα</em></strong></span> <span class='ocrx_word' id='word_1_118' title='bbox 745 1781 800 1850; x_wconf 80' lang='grc' dir='ltr'><strong><em>ἐπὶ</em></strong></span> <span class='ocrx_word' id='word_1_119' title='bbox 815 1778 877 1868; x_wconf 75' lang='grc' dir='ltr'><strong><em>τὴν</em></strong></span> <span class='ocrx_word' id='word_1_120' title='bbox 896 1777 1053 1868; x_wconf 74' lang='grc' dir='ltr'><strong><em>Ἑλλάδα,</em></strong></span> <span class='ocrx_word' id='word_1_121' title='bbox 1068 1777 1145 1849; x_wconf 74' lang='grc' dir='ltr'><strong><em>ἀλλ’</em></strong></span> <span class='ocrx_word' id='word_1_122' title='bbox 1163 1777 1391 1868; x_wconf 73' lang='grc' dir='ltr'><strong><em>ἄνθρωπον·</em></strong></span> 
     </span>
    </p>
   </div>
   <div class='ocr_carea' id='block_1_2' title="bbox 232 1984 1459 4491">
    <p class='ocr_par' dir='ltr' id='par_1_3' title="bbox 232 1984 1459 4491">
     <span class='ocr_line' id='line_1_15' title="bbox 234 1984 1385 2054; baseline 0.001 -16"><span class='ocrx_word' id='word_1_123' title='bbox 234 1985 338 2053; x_wconf 87' lang='lat' dir='ltr'><strong>qualem</strong></span> <span class='ocrx_word' id='word_1_124' title='bbox 347 1985 503 2038; x_wconf 77' lang='lat' dir='ltr'><strong>Herodotus</strong></span> <span class='ocrx_word' id='word_1_125' title='bbox 516 1989 558 2037; x_wconf 87' lang='lat' dir='ltr'><strong>eat</strong></span> <span class='ocrx_word' id='word_1_126' title='bbox 570 1987 704 2041; x_wconf 75' lang='lat' dir='ltr'><strong>Diodorus</strong></span> <span class='ocrx_word' id='word_1_127' title='bbox 714 2004 776 2054; x_wconf 90' lang='lat' dir='ltr'><strong>pro·</strong></span> <span class='ocrx_word' id='word_1_128' title='bbox 825 1985 982 2042; x_wconf 79' lang='lat' dir='ltr'><strong>terendam,</strong></span> <span class='ocrx_word' id='word_1_129' title='bbox 1001 1999 1071 2050; x_wconf 85' lang='lat' dir='ltr'><strong>quae</strong></span> <span class='ocrx_word' id='word_1_130' title='bbox 1087 1984 1173 2036; x_wconf 79' lang='lat' dir='ltr'><strong>verba</strong></span> <span class='ocrx_word' id='word_1_131' title='bbox 1186 2001 1252 2036; x_wconf 89' lang='lat' dir='ltr'><strong>enm</strong></span> <span class='ocrx_word' id='word_1_132' title='bbox 1268 1989 1302 2038; x_wconf 80' lang='lat' dir='ltr'><strong>vi</strong></span> <span class='ocrx_word' id='word_1_133' title='bbox 1316 2002 1385 2053; x_wconf 73' lang='lat' dir='ltr'><strong>qna·</strong></span> 
     </span>
     <span class='ocr_line' id='line_1_16' title="bbox 232 2053 1384 2124; baseline -0.002 -16"><span class='ocrx_word' id='word_1_134' title='bbox 232 2058 315 2119; x_wconf 80' lang='lat' dir='ltr'><strong>dirui,</strong></span> <span class='ocrx_word' id='word_1_135' title='bbox 334 2072 389 2106; x_wconf 91' lang='lat' dir='ltr'><strong>non</strong></span> <span class='ocrx_word' id='word_1_136' title='bbox 407 2057 541 2106; x_wconf 76' lang='lat' dir='ltr'><strong>contineri</strong></span> <span class='ocrx_word' id='word_1_137' title='bbox 556 2071 667 2120; x_wconf 74' lang='lat' dir='ltr'><strong>aereos,</strong></span> <span class='ocrx_word' id='word_1_138' title='bbox 685 2059 775 2124; x_wconf 85' lang='lat' dir='ltr'><strong>pedia—</strong></span> <span class='ocrx_word' id='word_1_139' title='bbox 825 2055 887 2106; x_wconf 88' lang='lat' dir='ltr'><strong>dam</strong></span> <span class='ocrx_word' id='word_1_140' title='bbox 912 2053 996 2104; x_wconf 72' lang='lat' dir='ltr'><strong>ndiici</strong></span> <span class='ocrx_word' id='word_1_141' title='bbox 1021 2053 1056 2104; x_wconf 82' lang='lat' dir='ltr'><strong>ad</strong></span> <span class='ocrx_word' id='word_1_142' title='bbox 1083 2054 1144 2118; x_wconf 83' lang='lat' dir='ltr'><strong>ipsa</strong></span> <span class='ocrx_word' id='word_1_143' title='bbox 1166 2056 1268 2118; x_wconf 86' lang='lat' dir='ltr'><strong>priora</strong></span> <span class='ocrx_word' id='word_1_144' title='bbox 1294 2057 1384 2108; x_wconf 78' lang='lat' dir='ltr'><strong>verba</strong></span> 
     </span>
     <span class='ocr_line' id='line_1_17' title="bbox 233 2112 1383 2193; baseline -0.002 -16"><span class='ocrx_word' id='word_1_145' title='bbox 233 2143 332 2192; x_wconf 87' lang='lat' dir='ltr'><strong>aequoa</strong></span> <span class='ocrx_word' id='word_1_146' title='bbox 351 2131 379 2176; x_wconf 82' lang='lat' dir='ltr'><strong>et</strong></span> <span class='ocrx_word' id='word_1_147' title='bbox 400 2126 532 2192; x_wconf 83' lang='lat' dir='ltr'><strong>reliquam</strong></span> <span class='ocrx_word' id='word_1_148' title='bbox 556 2127 677 2192; x_wconf 81' lang='lat' dir='ltr'><strong>turbam,</strong></span> <span class='ocrx_word' id='word_1_149' title='bbox 703 2143 774 2193; x_wconf 81' lang='lat' dir='ltr'><strong>qnae</strong></span> <span class='ocrx_word' id='word_1_150' title='bbox 825 2112 1383 2190; x_wconf 71' lang='grc' dir='ltr'><strong><em>(ἔπιίιλητοιὲηένοντο)οαρλίοιιηδιτίπ</em></strong></span> 
     </span>
     <span class='ocr_line' id='line_1_18' title="bbox 233 2189 1459 2262; baseline -0.002 -14"><span class='ocrx_word' id='word_1_151' title='bbox 233 2197 318 2248; x_wconf 85' lang='lat' dir='ltr'><strong>luerit</strong></span> <span class='ocrx_word' id='word_1_152' title='bbox 329 2201 433 2246; x_wconf 86' lang='lat' dir='ltr'><strong>aeeuta.</strong></span> <span class='ocrx_word' id='word_1_153' title='bbox 452 2196 705 2260; x_wconf 79' lang='lat' dir='ltr'><strong>Atquellelotarum</strong></span> <span class='ocrx_word' id='word_1_154' title='bbox 716 2199 774 2262; x_wconf 85' lang='lat' dir='ltr'><strong>ipae</strong></span> <span class='ocrx_word' id='word_1_155' title='bbox 825 2209 985 2260; x_wconf 75' lang='lat' dir='ltr'><strong>quemquam</strong></span> <span class='ocrx_word' id='word_1_156' title='bbox 999 2193 1092 2258; x_wconf 81' lang='lat' dir='ltr'><strong>lugere</strong></span> <span class='ocrx_word' id='word_1_157' title='bbox 1102 2199 1208 2257; x_wconf 78' lang='lat' dir='ltr'><strong>potent.</strong></span> <span class='ocrx_word' id='word_1_158' title='bbox 1226 2197 1317 2248; x_wconf 84' lang='lat' dir='ltr'>Unde</span> <span class='ocrx_word' id='word_1_159' title='bbox 1330 2197 1383 2247; x_wconf 82' lang='lat' dir='ltr'><strong>eol-</strong></span> <span class='ocrx_word' id='word_1_160' title='bbox 1457 2189 1459 2252; x_wconf 84' lang='grc'>1</span> 
     </span>
     <span class='ocr_line' id='line_1_19' title="bbox 233 2263 1459 2330; baseline 0.001 -14"><span class='ocrx_word' id='word_1_161' title='bbox 233 2265 774 2328; x_wconf 78' lang='lat' dir='ltr'><strong>meminitNoaterV11,22l)ooll.VIII,</strong></span> <span class='ocrx_word' id='word_1_162' title='bbox 823 2264 908 2330; x_wconf 82' lang='lat' dir='ltr'><strong>ligae,</strong></span> <span class='ocrx_word' id='word_1_163' title='bbox 928 2264 1008 2312; x_wconf 85' lang='lat' dir='ltr'><strong>initio</strong></span> <span class='ocrx_word' id='word_1_164' title='bbox 1021 2263 1130 2327; x_wconf 82' lang='lat' dir='ltr'><strong>quidem</strong></span> <span class='ocrx_word' id='word_1_165' title='bbox 1142 2266 1272 2318; x_wconf 80' lang='lat' dir='ltr'><strong>animum</strong></span> <span class='ocrx_word' id='word_1_166' title='bbox 1287 2268 1381 2317; x_wconf 82' lang='lat' dir='ltr'><strong>minna</strong></span> <span class='ocrx_word' id='word_1_167' title='bbox 1458 2271 1459 2298; x_wconf 47' lang='lat' dir='ltr'><strong>i</strong></span> 
     </span>
     <span class='ocr_line' id='line_1_20' title="bbox 233 2331 1382 2402; baseline 0 -16"><span class='ocrx_word' id='word_1_168' title='bbox 233 2337 267 2386; x_wconf 75' lang='lat'><strong>25</strong></span> <span class='ocrx_word' id='word_1_169' title='bbox 278 2343 306 2388; x_wconf 86' lang='lat' dir='ltr'><strong>et</strong></span> <span class='ocrx_word' id='word_1_170' title='bbox 316 2335 391 2384; x_wconf 84' lang='lat' dir='ltr'><strong>inira</strong></span> <span class='ocrx_word' id='word_1_171' title='bbox 402 2335 450 2393; x_wconf 85' lang='lat' dir='ltr'><strong>1x,</strong></span> <span class='ocrx_word' id='word_1_172' title='bbox 463 2335 502 2384; x_wconf 88' lang='lat' dir='ltr'><strong>l0.</strong></span> <span class='ocrx_word' id='word_1_173' title='bbox 513 2335 556 2388; x_wconf 81' lang='lat'><strong>28.</strong></span> <span class='ocrx_word' id='word_1_174' title='bbox 582 2336 704 2401; x_wconf 89' lang='lat' dir='ltr'><strong>Namque</strong></span> <span class='ocrx_word' id='word_1_175' title='bbox 717 2336 775 2402; x_wconf 85' lang='lat' dir='ltr'><strong>plu·</strong></span> <span class='ocrx_word' id='word_1_176' title='bbox 824 2339 977 2400; x_wconf 87' lang='lat' dir='ltr'><strong>promptum</strong></span> <span class='ocrx_word' id='word_1_177' title='bbox 991 2331 1147 2384; x_wconf 71' lang='lat' dir='ltr'><strong>exhibuisse</strong></span> <span class='ocrx_word' id='word_1_178' title='bbox 1154 2334 1265 2386; x_wconf 79' lang='lat' dir='ltr'><strong>Locren</strong></span> <span class='ocrx_word' id='word_1_179' title='bbox 1281 2337 1322 2388; x_wconf 77' lang='lat' dir='ltr'><strong>ari</strong></span> <span class='ocrx_word' id='word_1_180' title='bbox 1334 2351 1382 2386; x_wconf 79' lang='lat' dir='ltr'><strong>an-</strong></span> 
     </span>
     <span class='ocr_line' id='line_1_21' title="bbox 233 2402 1380 2470; baseline 0.001 -15"><span class='ocrx_word' id='word_1_181' title='bbox 233 2421 276 2456; x_wconf 83' lang='lat' dir='ltr'><strong>rea</strong></span> <span class='ocrx_word' id='word_1_182' title='bbox 300 2403 419 2454; x_wconf 78' lang='lat' dir='ltr'><strong>Helotea</strong></span> <span class='ocrx_word' id='word_1_183' title='bbox 447 2403 603 2470; x_wconf 88' lang='lat' dir='ltr'><strong>plerumque</strong></span> <span class='ocrx_word' id='word_1_184' title='bbox 623 2405 774 2470; x_wconf 74' lang='lat' dir='ltr'><strong>Spartanos</strong></span> <span class='ocrx_word' id='word_1_185' title='bbox 825 2404 919 2454; x_wconf 74' lang='lat' dir='ltr'><strong>allium</strong></span> <span class='ocrx_word' id='word_1_186' title='bbox 949 2402 1089 2454; x_wconf 82' lang='lat' dir='ltr'><strong>ferendum</strong></span> <span class='ocrx_word' id='word_1_187' title='bbox 1119 2404 1235 2470; x_wconf 85' lang='lat' dir='ltr'><strong>reliquia</strong></span> <span class='ocrx_word' id='word_1_188' title='bbox 1259 2407 1380 2458; x_wconf 77' lang='lat' dir='ltr'><strong>Graecia</strong></span> 
     </span>
     <span class='ocr_line' id='line_1_22' title="bbox 233 2473 1380 2540; baseline 0.001 -15"><span class='ocrx_word' id='word_1_189' title='bbox 233 2474 382 2526; x_wconf 81' lang='lat' dir='ltr'><strong>adbellum</strong></span> <span class='ocrx_word' id='word_1_190' title='bbox 402 2475 603 2539; x_wconf 70' lang='lat' dir='ltr'><strong>proficiscentes</strong></span> <span class='ocrx_word' id='word_1_191' title='bbox 623 2477 776 2540; x_wconf 78' lang='lat' dir='ltr'><strong>sequeban·</strong></span> <span class='ocrx_word' id='word_1_192' title='bbox 825 2478 922 2524; x_wconf 81' lang='lat' dir='ltr'><strong>eontra</strong></span> <span class='ocrx_word' id='word_1_193' title='bbox 945 2473 1056 2522; x_wconf 79' lang='lat' dir='ltr'><strong>Pernam</strong></span> <span class='ocrx_word' id='word_1_194' title='bbox 1083 2474 1259 2538; x_wconf 86' lang='lat' dir='ltr'><strong>coniunctia‚</strong></span> <span class='ocrx_word' id='word_1_195' title='bbox 1294 2477 1380 2526; x_wconf 82' lang='lat' dir='ltr'><strong>donee</strong></span> 
     </span>
     <span class='ocr_line' id='line_1_23' title="bbox 234 2543 1379 2610; baseline 0 -16"><span class='ocrx_word' id='word_1_196' title='bbox 234 2551 291 2607; x_wconf 86' lang='lat' dir='ltr'><strong>tur,</strong></span> <span class='ocrx_word' id='word_1_197' title='bbox 311 2550 340 2595; x_wconf 84' lang='lat' dir='ltr'><strong>et</strong></span> <span class='ocrx_word' id='word_1_198' title='bbox 357 2545 411 2610; x_wconf 84' lang='lat' dir='ltr'><strong>ipsi</strong></span> <span class='ocrx_word' id='word_1_199' title='bbox 430 2546 529 2594; x_wconf 77' lang='lat' dir='ltr'><strong>armati</strong></span> <span class='ocrx_word' id='word_1_200' title='bbox 546 2543 601 2594; x_wconf 82' lang='lat' dir='ltr'><strong>lori</strong></span> <span class='ocrx_word' id='word_1_201' title='bbox 619 2544 776 2610; x_wconf 89' lang='lat' dir='ltr'><strong>plerumque</strong></span> <span class='ocrx_word' id='word_1_202' title='bbox 825 2543 929 2594; x_wconf 80' lang='lat' dir='ltr'><strong>nuntiis</strong></span> <span class='ocrx_word' id='word_1_203' title='bbox 957 2543 1048 2594; x_wconf 79' lang='lat' dir='ltr'><strong>mietio</strong></span> <span class='ocrx_word' id='word_1_204' title='bbox 1072 2543 1186 2594; x_wconf 85' lang='lat' dir='ltr'><strong>invitati</strong></span> <span class='ocrx_word' id='word_1_205' title='bbox 1210 2552 1241 2595; x_wconf 89' lang='lat' dir='ltr'><strong>et</strong></span> <span class='ocrx_word' id='word_1_206' title='bbox 1267 2547 1379 2598; x_wconf 75' lang='lat' dir='ltr'><strong>evocati</strong></span> 
     </span>
     <span class='ocr_line' id='line_1_24' title="bbox 234 2595 1459 2687; baseline 0.003 -23"><span class='ocrx_word' id='word_1_207' title='bbox 234 2619 388 2673; x_wconf 84' lang='lat' dir='ltr'><strong>armatura;</strong></span> <span class='ocrx_word' id='word_1_208' title='bbox 407 2613 448 2663; x_wconf 91' lang='lat' dir='ltr'><strong>ita</strong></span> <span class='ocrx_word' id='word_1_209' title='bbox 459 2621 566 2672; x_wconf 83' lang='lat' dir='ltr'><strong>tamen,</strong></span> <span class='ocrx_word' id='word_1_210' title='bbox 585 2617 615 2664; x_wconf 82' lang='lat' dir='ltr'><strong>ut</strong></span> <span class='ocrx_word' id='word_1_211' title='bbox 628 2629 696 2666; x_wconf 86' lang='lat' dir='ltr'><strong>unua</strong></span> <span class='ocrx_word' id='word_1_212' title='bbox 710 2631 776 2687; x_wconf 90' lang='lat' dir='ltr'><strong>prae</strong></span> <span class='ocrx_word' id='word_1_213' title='bbox 826 2612 921 2662; x_wconf 76' lang='lat' dir='ltr'><strong>abhis</strong></span> <span class='ocrx_word' id='word_1_214' title='bbox 944 2627 1000 2662; x_wconf 91' lang='lat' dir='ltr'><strong>non</strong></span> <span class='ocrx_word' id='word_1_215' title='bbox 1019 2613 1137 2678; x_wconf 86' lang='lat' dir='ltr'><strong>amplina</strong></span> <span class='ocrx_word' id='word_1_216' title='bbox 1162 2621 1379 2669; x_wconf 79' lang='lat' dir='ltr'><strong>cunctarentur.</strong></span> <span class='ocrx_word' id='word_1_217' title='bbox 1457 2595 1459 2654; x_wconf 74' lang='grc' dir='ltr'>Ι</span> 
     </span>
     <span class='ocr_line' id='line_1_25' title="bbox 234 2681 1378 2752; baseline -0.002 -16"><span class='ocrx_word' id='word_1_218' title='bbox 234 2686 353 2736; x_wconf 76' lang='lat' dir='ltr'><strong>cauteria</strong></span> <span class='ocrx_word' id='word_1_219' title='bbox 378 2683 480 2734; x_wconf 88' lang='lat' dir='ltr'><strong>domini</strong></span> <span class='ocrx_word' id='word_1_220' title='bbox 502 2689 575 2734; x_wconf 74' lang='grc' dir='ltr'><strong><em>ουτοι</em></strong></span> <span class='ocrx_word' id='word_1_221' title='bbox 598 2685 779 2750; x_wconf 82' lang='lat' dir='ltr'><strong>pediaaequue</strong></span> <span class='ocrx_word' id='word_1_222' title='bbox 827 2682 874 2733; x_wconf 83' lang='lat' dir='ltr'><strong>aed</strong></span> <span class='ocrx_word' id='word_1_223' title='bbox 904 2681 1028 2732; x_wconf 76' lang='lat' dir='ltr'><strong>omnibu·</strong></span> <span class='ocrx_word' id='word_1_224' title='bbox 1054 2684 1140 2748; x_wconf 80' lang='lat' dir='ltr'><strong>copiis</strong></span> <span class='ocrx_word' id='word_1_225' title='bbox 1167 2682 1378 2752; x_wconf 64' lang='grc' dir='ltr'><strong><em>(πανστρατιῇ)</em></strong></span> 
     </span>
     <span class='ocr_line' id='line_1_26' title="bbox 236 2747 1380 2818; baseline 0.002 -14"><span class='ocrx_word' id='word_1_226' title='bbox 236 2759 263 2806; x_wconf 88' lang='lat' dir='ltr'><strong>et</strong></span> <span class='ocrx_word' id='word_1_227' title='bbox 282 2753 422 2814; x_wconf 72' lang='lat' dir='ltr'>minister,</span> <span class='ocrx_word' id='word_1_228' title='bbox 442 2747 457 2800; x_wconf 86' lang='grc' dir='ltr'><strong><em>ό</em></strong></span> <span class='ocrx_word' id='word_1_229' title='bbox 475 2748 614 2813; x_wconf 75' lang='grc' dir='ltr'><strong><em>θεράπων</em></strong></span> <span class='ocrx_word' id='word_1_230' title='bbox 631 2758 678 2818; x_wconf 91' lang='lat' dir='ltr'><strong>qui</strong></span> <span class='ocrx_word' id='word_1_231' title='bbox 694 2771 778 2807; x_wconf 81' lang='lat' dir='ltr'><strong>voca.</strong></span> <span class='ocrx_word' id='word_1_232' title='bbox 826 2750 942 2818; x_wconf 81' lang='lat' dir='ltr'><strong>profecti</strong></span> <span class='ocrx_word' id='word_1_233' title='bbox 954 2751 1117 2803; x_wconf 85' lang='lat' dir='ltr'><strong>Graecorum</strong></span> <span class='ocrx_word' id='word_1_234' title='bbox 1134 2755 1272 2806; x_wconf 86' lang='lat' dir='ltr'><strong>exercitui</strong></span> <span class='ocrx_word' id='word_1_235' title='bbox 1289 2774 1324 2808; x_wconf 82' lang='lat' dir='ltr'><strong>ee</strong></span> <span class='ocrx_word' id='word_1_236' title='bbox 1338 2757 1380 2806; x_wconf 79' lang='lat' dir='ltr'><strong>ad-</strong></span> 
     </span>
     <span class='ocr_line' id='line_1_27' title="bbox 234 2819 1378 2888; baseline -0.003 -11"><span class='ocrx_word' id='word_1_237' title='bbox 234 2827 324 2878; x_wconf 77' lang='lat' dir='ltr'><strong>batnr.</strong></span> <span class='ocrx_word' id='word_1_238' title='bbox 345 2822 408 2872; x_wconf 86' lang='lat' dir='ltr'><strong>Vid.</strong></span> <span class='ocrx_word' id='word_1_239' title='bbox 421 2821 451 2872; x_wconf 74' lang='lat' dir='ltr'><strong>C,</strong></span> <span class='ocrx_word' id='word_1_240' title='bbox 465 2821 496 2872; x_wconf 91' lang='grc' dir='ltr'><strong>Ο.</strong></span> <span class='ocrx_word' id='word_1_241' title='bbox 510 2819 636 2872; x_wconf 80' lang='lat' dir='ltr'>Mueller:</span> <span class='ocrx_word' id='word_1_242' title='bbox 658 2825 724 2875; x_wconf 90' lang='lat' dir='ltr'><strong>Dor.</strong></span> <span class='ocrx_word' id='word_1_243' title='bbox 737 2827 776 2878; x_wconf 92' lang='lat'><strong>11.</strong></span> <span class='ocrx_word' id='word_1_244' title='bbox 828 2825 981 2886; x_wconf 78' lang='lat' dir='ltr'><strong>iungerent.</strong></span> <span class='ocrx_word' id='word_1_245' title='bbox 1014 2823 1056 2872; x_wconf 77' lang='lat' dir='ltr'><strong>td</strong></span> <span class='ocrx_word' id='word_1_246' title='bbox 1077 2837 1159 2874; x_wconf 78' lang='lat' dir='ltr'><strong>voces</strong></span> <span class='ocrx_word' id='word_1_247' title='bbox 1177 2821 1316 2888; x_wconf 72' lang='grc' dir='ltr'><strong><em>λέγοντες</em></strong></span> <span class='ocrx_word' id='word_1_248' title='bbox 1338 2819 1378 2874; x_wconf 77' lang='grc' dir='ltr'><strong><em>δι’</em></strong></span> 
     </span>
     <span class='ocr_line' id='line_1_28' title="bbox 234 2885 1377 2958; baseline 0.001 -16"><span class='ocrx_word' id='word_1_249' title='bbox 234 2909 260 2958; x_wconf 91' lang='lat' dir='ltr'><strong>p.</strong></span> <span class='ocrx_word' id='word_1_250' title='bbox 272 2892 306 2943; x_wconf 84' lang='grc'><strong>38</strong></span> <span class='ocrx_word' id='word_1_251' title='bbox 318 2890 379 2943; x_wconf 88' lang='lat' dir='ltr'><strong>ooll.</strong></span> <span class='ocrx_word' id='word_1_252' title='bbox 391 2890 439 2951; x_wconf 78' lang='lat' dir='ltr'><strong>tu,</strong></span> <span class='ocrx_word' id='word_1_253' title='bbox 454 2891 499 2940; x_wconf 86' lang='lat' dir='ltr'><strong>ubi</strong></span> <span class='ocrx_word' id='word_1_254' title='bbox 515 2890 567 2940; x_wconf 89' lang='lat' dir='ltr'><strong>duo</strong></span> <span class='ocrx_word' id='word_1_255' title='bbox 581 2889 656 2940; x_wconf 87' lang='lat' dir='ltr'><strong>milia</strong></span> <span class='ocrx_word' id='word_1_256' title='bbox 668 2900 776 2945; x_wconf 85' lang='lat' dir='ltr'><strong>eentum</strong></span> <span class='ocrx_word' id='word_1_257' title='bbox 826 2885 948 2955; x_wconf 69' lang='grc' dir='ltr'><strong><em>ἀγγέλων</em></strong></span> <span class='ocrx_word' id='word_1_258' title='bbox 967 2891 1039 2941; x_wconf 76' lang='lat' dir='ltr'><strong>oeni.</strong></span> <span class='ocrx_word' id='word_1_259' title='bbox 1059 2892 1160 2943; x_wconf 82' lang='lat' dir='ltr'><strong>llatth.</strong></span> <span class='ocrx_word' id='word_1_260' title='bbox 1183 2895 1209 2956; x_wconf 73' lang='lat'><strong>§-</strong></span> <span class='ocrx_word' id='word_1_261' title='bbox 1229 2895 1333 2946; x_wconf 75' lang='lat'>5801).</span> <span class='ocrx_word' id='word_1_262' title='bbox 1353 2901 1377 2944; x_wconf 86' lang='lat' dir='ltr'><strong>et</strong></span> 
     </span>
     <span class='ocr_line' id='line_1_29' title="bbox 234 2959 1378 3027; baseline 0.001 -15"><span class='ocrx_word' id='word_1_263' title='bbox 234 2961 385 3012; x_wconf 85' lang='lat' dir='ltr'><strong>helotarnm</strong></span> <span class='ocrx_word' id='word_1_264' title='bbox 397 2959 460 3008; x_wconf 87' lang='lat' dir='ltr'><strong>huie</strong></span> <span class='ocrx_word' id='word_1_265' title='bbox 471 2960 641 3023; x_wconf 81' lang='lat' dir='ltr'><strong>expeditioni</strong></span> <span class='ocrx_word' id='word_1_266' title='bbox 654 2961 777 3016; x_wconf 68' lang='lat' dir='ltr'><strong>notuisse</strong></span> <span class='ocrx_word' id='word_1_267' title='bbox 826 2963 948 3024; x_wconf 79' lang='lat' dir='ltr'><strong>Krueger</strong></span> <span class='ocrx_word' id='word_1_268' title='bbox 968 2959 1002 3010; x_wconf 86' lang='lat' dir='ltr'><strong>ad</strong></span> <span class='ocrx_word' id='word_1_269' title='bbox 1026 2961 1148 3027; x_wconf 86' lang='lat' dir='ltr'><strong>Xenoph.</strong></span> <span class='ocrx_word' id='word_1_270' title='bbox 1169 2963 1263 3014; x_wconf 73' lang='lat' dir='ltr'><strong>Anab-</strong></span> <span class='ocrx_word' id='word_1_271' title='bbox 1284 2963 1335 3027; x_wconf 86' lang='lat'><strong>11,</strong></span> <span class='ocrx_word' id='word_1_272' title='bbox 1354 2965 1378 3014; x_wconf 85' lang='grc'><strong>3.</strong></span> 
     </span>
     <span class='ocr_line' id='line_1_30' title="bbox 235 3025 1379 3096; baseline 0.001 -13"><span class='ocrx_word' id='word_1_273' title='bbox 235 3031 362 3091; x_wconf 75' lang='lat' dir='ltr'><strong>coniicit,</strong></span> <span class='ocrx_word' id='word_1_274' title='bbox 383 3033 410 3079; x_wconf 88' lang='lat' dir='ltr'><strong>et</strong></span> <span class='ocrx_word' id='word_1_275' title='bbox 429 3027 502 3078; x_wconf 80' lang='lat' dir='ltr'><strong>conf.</strong></span> <span class='ocrx_word' id='word_1_276' title='bbox 520 3028 551 3078; x_wconf 85' lang='lat' dir='ltr'><strong>C.</strong></span> <span class='ocrx_word' id='word_1_277' title='bbox 569 3028 600 3078; x_wconf 73' lang='lat' dir='ltr'><strong>F.</strong></span> <span class='ocrx_word' id='word_1_278' title='bbox 618 3029 775 3083; x_wconf 76' lang='lat' dir='ltr'><strong>Hermann:</strong></span> <span class='ocrx_word' id='word_1_279' title='bbox 826 3034 851 3094; x_wconf 60' lang='grc' dir='ltr'><strong>ς’.</strong></span> <span class='ocrx_word' id='word_1_280' title='bbox 865 3031 932 3081; x_wconf 79' lang='lat' dir='ltr'><strong>liet</strong></span> <span class='ocrx_word' id='word_1_281' title='bbox 945 3029 979 3079; x_wconf 87' lang='lat' dir='ltr'><strong>ad</strong></span> <span class='ocrx_word' id='word_1_282' title='bbox 991 3045 1084 3080; x_wconf 81' lang='lat' dir='ltr'><strong>vocem</strong></span> <span class='ocrx_word' id='word_1_283' title='bbox 1094 3025 1295 3096; x_wconf 84' lang='grc' dir='ltr'><strong><em>προσδόκιμος</em></strong></span> <span class='ocrx_word' id='word_1_284' title='bbox 1307 3041 1379 3085; x_wconf 85' lang='lat' dir='ltr'><strong>nott.</strong></span> 
     </span>
     <span class='ocr_line' id='line_1_31' title="bbox 235 3096 1378 3163; baseline 0.003 -12"><span class='ocrx_word' id='word_1_285' title='bbox 235 3099 343 3151; x_wconf 85' lang='lat' dir='ltr'><strong>Grieelr.</strong></span> <span class='ocrx_word' id='word_1_286' title='bbox 356 3096 560 3150; x_wconf 82' lang='lat' dir='ltr'><strong>Staatealterth.</strong></span> <span class='ocrx_word' id='word_1_287' title='bbox 573 3101 598 3160; x_wconf 67' lang='grc' dir='ltr'><strong>ξ.</strong></span> <span class='ocrx_word' id='word_1_288' title='bbox 615 3099 655 3151; x_wconf 83' lang='lat' dir='ltr'><strong>lu.</strong></span> <span class='ocrx_word' id='word_1_289' title='bbox 672 3107 731 3152; x_wconf 88' lang='lat' dir='ltr'><strong>not.</strong></span> <span class='ocrx_word' id='word_1_290' title='bbox 744 3103 775 3163; x_wconf 75' lang='grc' dir='ltr'><strong>λς</strong></span> <span class='ocrx_word' id='word_1_291' title='bbox 807 3139 812 3150; x_wconf 94' lang='lat'>.</span> <span class='ocrx_word' id='word_1_292' title='bbox 826 3099 861 3150; x_wconf 85' lang='lat' dir='ltr'><strong>ad</strong></span> <span class='ocrx_word' id='word_1_293' title='bbox 875 3101 907 3161; x_wconf 85' lang='lat' dir='ltr'><strong>V,</strong></span> <span class='ocrx_word' id='word_1_294' title='bbox 922 3099 981 3149; x_wconf 78' lang='lat'><strong>108.</strong></span> <span class='ocrx_word' id='word_1_295' title='bbox 1008 3101 1120 3152; x_wconf 83' lang='lat' dir='ltr'><strong>Retinui</strong></span> <span class='ocrx_word' id='word_1_296' title='bbox 1132 3109 1224 3152; x_wconf 82' lang='lat' dir='ltr'><strong>autem</strong></span> <span class='ocrx_word' id='word_1_297' title='bbox 1241 3098 1301 3152; x_wconf 77' lang='grc' dir='ltr'><strong><em>είτὶ</em></strong></span> <span class='ocrx_word' id='word_1_298' title='bbox 1316 3119 1378 3155; x_wconf 78' lang='lat' dir='ltr'><strong>eum</strong></span> 
     </span>
     <span class='ocr_line' id='line_1_32' title="bbox 235 3167 1379 3234; baseline 0.003 -14"><span class='ocrx_word' id='word_1_299' title='bbox 235 3171 268 3220; x_wconf 81' lang='lat' dir='ltr'><strong>tie</strong></span> <span class='ocrx_word' id='word_1_300' title='bbox 286 3169 356 3234; x_wconf 86' lang='lat' dir='ltr'><strong>ipaia</strong></span> <span class='ocrx_word' id='word_1_301' title='bbox 373 3168 483 3232; x_wconf 83' lang='lat' dir='ltr'><strong>Hoplr&#39;u&#39;a</strong></span> <span class='ocrx_word' id='word_1_302' title='bbox 503 3167 697 3232; x_wconf 80' lang='lat' dir='ltr'><strong>Spartanorum</strong></span> <span class='ocrx_word' id='word_1_303' title='bbox 716 3173 773 3226; x_wconf 85' lang='lat' dir='ltr'><strong>vid.</strong></span> <span class='ocrx_word' id='word_1_304' title='bbox 825 3167 976 3234; x_wconf 82' lang='lat' dir='ltr'><strong>Schweigh.</strong></span> <span class='ocrx_word' id='word_1_305' title='bbox 990 3175 1018 3219; x_wconf 89' lang='lat' dir='ltr'><strong>et</strong></span> <span class='ocrx_word' id='word_1_306' title='bbox 1028 3169 1134 3234; x_wconf 59' lang='lat' dir='ltr'><strong>Geloi,</strong></span> <span class='ocrx_word' id='word_1_307' title='bbox 1150 3171 1270 3229; x_wconf 77' lang='lat' dir='ltr'><strong>allatum</strong></span> <span class='ocrx_word' id='word_1_308' title='bbox 1286 3189 1308 3224; x_wconf 81' lang='lat' dir='ltr'><strong>a</strong></span> <span class='ocrx_word' id='word_1_309' title='bbox 1321 3176 1379 3226; x_wconf 77' lang='lat' dir='ltr'><strong>Me-</strong></span> 
     </span>
     <span class='ocr_line' id='line_1_33' title="bbox 235 3237 1379 3304; baseline 0.005 -16"><span class='ocrx_word' id='word_1_310' title='bbox 235 3239 302 3290; x_wconf 89' lang='lat' dir='ltr'><strong>ibid.</strong></span> <span class='ocrx_word' id='word_1_311' title='bbox 313 3241 337 3301; x_wconf 78' lang='lat'><strong>§-</strong></span> <span class='ocrx_word' id='word_1_312' title='bbox 354 3237 397 3290; x_wconf 92' lang='grc'><strong>30.</strong></span> <span class='ocrx_word' id='word_1_313' title='bbox 410 3243 466 3290; x_wconf 87' lang='lat' dir='ltr'><strong>not.</strong></span> <span class='ocrx_word' id='word_1_314' title='bbox 480 3239 582 3304; x_wconf 84' lang='lat' dir='ltr'><strong>2aeqq.</strong></span> <span class='ocrx_word' id='word_1_315' title='bbox 826 3239 918 3301; x_wconf 76' lang='lat' dir='ltr'><strong>liceo,</strong></span> <span class='ocrx_word' id='word_1_316' title='bbox 934 3237 1107 3303; x_wconf 80' lang='lat' dir='ltr'><strong>Florentino,</strong></span> <span class='ocrx_word' id='word_1_317' title='bbox 1128 3241 1204 3292; x_wconf 77' lang='lat' dir='ltr'><strong>aliie:</strong></span> <span class='ocrx_word' id='word_1_318' title='bbox 1229 3243 1379 3295; x_wconf 84' lang='lat' dir='ltr'><strong>Sanorot&#39;ti</strong></span> 
     </span>
     <span class='ocr_line' id='line_1_34' title="bbox 826 3304 1379 3380; baseline 0.011 -22"><span class='ocrx_word' id='word_1_319' title='bbox 826 3309 895 3359; x_wconf 90' lang='lat' dir='ltr'><strong>liber</strong></span> <span class='ocrx_word' id='word_1_320' title='bbox 908 3323 969 3361; x_wconf 88' lang='lat' dir='ltr'><strong>oum</strong></span> <span class='ocrx_word' id='word_1_321' title='bbox 983 3309 1069 3360; x_wconf 89' lang='lat' dir='ltr'><strong>altero</strong></span> <span class='ocrx_word' id='word_1_322' title='bbox 1084 3309 1194 3362; x_wconf 80' lang='lat' dir='ltr'><strong>exhibet</strong></span> <span class='ocrx_word' id='word_1_323' title='bbox 1207 3304 1285 3376; x_wconf 81' lang='grc' dir='ltr'><strong><em>εἷεν,</em></strong></span> <span class='ocrx_word' id='word_1_324' title='bbox 1304 3315 1379 3380; x_wconf 79' lang='lat' dir='ltr'><strong>quod</strong></span> 
     </span>
     <span class='ocr_line' id='line_1_35' title="bbox 823 3379 1380 3513; baseline 0.005 -12.88"><span class='ocrx_word' id='word_1_325' title='bbox 823 3383 937 3501; x_wconf 69' lang='lat' dir='ltr'><strong>uu·</strong></span> <span class='ocrx_word' id='word_1_326' title='bbox 958 3379 1380 3513; x_wconf 60' lang='lat' dir='ltr'><strong>uiuuftitusur</strong></span> 
     </span>
     <span class='ocr_line' id='line_1_36' title="bbox 270 3503 1375 3586; baseline 0.009 -24"><span class='ocrx_word' id='word_1_327' title='bbox 270 3503 458 3578; x_wconf 80' lang='grc' dir='ltr'><strong><em>ἐπίκλητοι</em></strong></span> <span class='ocrx_word' id='word_1_328' title='bbox 475 3506 639 3578; x_wconf 78' lang='grc' dir='ltr'><strong><em>ἐγένοντο</em></strong></span> <span class='ocrx_word' id='word_1_329' title='bbox 655 3512 772 3580; x_wconf 84' lang='grc' dir='ltr'><strong><em>Λοκροί]</em></strong></span> <span class='ocrx_word' id='word_1_330' title='bbox 825 3519 964 3570; x_wconf 85' lang='lat' dir='ltr'><strong>modorum</strong></span> <span class='ocrx_word' id='word_1_331' title='bbox 984 3519 1126 3572; x_wconf 84' lang='lat' dir='ltr'><strong>tranaitua.</strong></span> <span class='ocrx_word' id='word_1_332' title='bbox 1163 3521 1205 3571; x_wconf 84' lang='lat' dir='ltr'><strong>Ol.</strong></span> <span class='ocrx_word' id='word_1_333' title='bbox 1222 3521 1295 3586; x_wconf 88' lang='lat' dir='ltr'><strong>Vll,</strong></span> <span class='ocrx_word' id='word_1_334' title='bbox 1314 3525 1375 3574; x_wconf 69' lang='lat'>208.</span> 
     </span>
     <span class='ocr_line' id='line_1_37' title="bbox 235 3583 1252 3653; baseline 0.004 -17"><span class='ocrx_word' id='word_1_335' title='bbox 235 3583 455 3647; x_wconf 83' lang='lat' dir='ltr'><strong>Schweighaeua.</strong></span> <span class='ocrx_word' id='word_1_336' title='bbox 480 3585 689 3648; x_wconf 84' lang='lat' dir='ltr'><strong>interpretatur:</strong></span> <span class='ocrx_word' id='word_1_337' title='bbox 720 3601 775 3636; x_wconf 84' lang='lat' dir='ltr'><strong>eoo·</strong></span> <span class='ocrx_word' id='word_1_338' title='bbox 827 3588 885 3640; x_wconf 77' lang='lat'>168.</span> <span class='ocrx_word' id='word_1_339' title='bbox 899 3587 950 3640; x_wconf 79' lang='lat'><strong>233</strong></span> <span class='ocrx_word' id='word_1_340' title='bbox 965 3594 992 3639; x_wconf 89' lang='lat' dir='ltr'><strong>et</strong></span> <span class='ocrx_word' id='word_1_341' title='bbox 1006 3593 1074 3640; x_wconf 86' lang='lat' dir='ltr'><strong>nott.</strong></span> <span class='ocrx_word' id='word_1_342' title='bbox 1089 3591 1124 3640; x_wconf 87' lang='lat' dir='ltr'><strong>ad</strong></span> <span class='ocrx_word' id='word_1_343' title='bbox 1138 3591 1190 3653; x_wconf 85' lang='grc' dir='ltr'><strong>ΙΙΙ,</strong></span> <span class='ocrx_word' id='word_1_344' title='bbox 1208 3592 1252 3642; x_wconf 82' lang='lat'><strong>61.</strong></span> 
     </span>
     <span class='ocr_line' id='line_1_38' title="bbox 235 3643 1374 3732; baseline 0.004 -28"><span class='ocrx_word' id='word_1_345' title='bbox 235 3656 287 3704; x_wconf 82' lang='lat' dir='ltr'><strong>eati</strong></span> <span class='ocrx_word' id='word_1_346' title='bbox 312 3655 429 3705; x_wconf 82' lang='lat' dir='ltr'><strong>oderant.</strong></span> <span class='ocrx_word' id='word_1_347' title='bbox 471 3654 604 3718; x_wconf 78' lang='lat' dir='ltr'><strong>Equidem</strong></span> <span class='ocrx_word' id='word_1_348' title='bbox 630 3643 775 3732; x_wconf 71' lang='grc' dir='ltr'><strong><em>ἐπίκληηοι</em></strong></span> <span class='ocrx_word' id='word_1_349' title='bbox 859 3651 1027 3722; x_wconf 79' lang='grc' dir='ltr'><strong><em>ἠδολλαοσοὶ</em></strong></span> <span class='ocrx_word' id='word_1_350' title='bbox 1036 3671 1065 3706; x_wconf 90' lang='grc' dir='ltr'><strong><em>τε</em></strong></span> <span class='ocrx_word' id='word_1_351' title='bbox 1078 3671 1127 3722; x_wconf 86' lang='grc' dir='ltr'><strong><em>σφι</em></strong></span> <span class='ocrx_word' id='word_1_352' title='bbox 1142 3657 1187 3722; x_wconf 87' lang='grc' dir='ltr'><strong>ελή</strong></span> <span class='ocrx_word' id='word_1_353' title='bbox 1198 3649 1228 3708; x_wconf 78' lang='grc' dir='ltr'><strong>ἐν</strong></span> <span class='ocrx_word' id='word_1_354' title='bbox 1240 3659 1374 3728; x_wconf 68' lang='grc' dir='ltr'><strong><em>φυλακῇ]</em></strong></span> 
     </span>
     <span class='ocr_line' id='line_1_39' title="bbox 235 3719 1374 3791; baseline 0.007 -17"><span class='ocrx_word' id='word_1_355' title='bbox 235 3723 309 3776; x_wconf 87' lang='lat' dir='ltr'><strong>haud</strong></span> <span class='ocrx_word' id='word_1_356' title='bbox 326 3725 384 3774; x_wconf 83' lang='lat' dir='ltr'><strong>acio</strong></span> <span class='ocrx_word' id='word_1_357' title='bbox 404 3737 440 3772; x_wconf 84' lang='lat' dir='ltr'><strong>an</strong></span> <span class='ocrx_word' id='word_1_358' title='bbox 452 3721 554 3772; x_wconf 84' lang='lat' dir='ltr'><strong>inerint</strong></span> <span class='ocrx_word' id='word_1_359' title='bbox 568 3719 690 3789; x_wconf 77' lang='grc' dir='ltr'><strong><em>βοηθοὶ,</em></strong></span> <span class='ocrx_word' id='word_1_360' title='bbox 710 3736 776 3788; x_wconf 74' lang='lat' dir='ltr'><strong>oura-</strong></span> <span class='ocrx_word' id='word_1_361' title='bbox 825 3727 843 3776; x_wconf 88' lang='lat' dir='ltr'><strong>i.</strong></span> <span class='ocrx_word' id='word_1_362' title='bbox 855 3744 878 3778; x_wconf 87' lang='lat' dir='ltr'><strong>e.</strong></span> <span class='ocrx_word' id='word_1_363' title='bbox 888 3744 957 3778; x_wconf 77' lang='lat' dir='ltr'><strong>more</strong></span> <span class='ocrx_word' id='word_1_364' title='bbox 971 3728 1002 3777; x_wconf 85' lang='lat' dir='ltr'><strong>ab</strong></span> <span class='ocrx_word' id='word_1_365' title='bbox 1015 3730 1078 3791; x_wconf 70' lang='lat' dir='ltr'><strong>ipris</strong></span> <span class='ocrx_word' id='word_1_366' title='bbox 1090 3731 1237 3780; x_wconf 78' lang='lat' dir='ltr'><strong>custoditura</strong></span> <span class='ocrx_word' id='word_1_367' title='bbox 1251 3737 1340 3782; x_wconf 74' lang='lat' dir='ltr'><strong>terreri</strong></span> <span class='ocrx_word' id='word_1_368' title='bbox 1352 3749 1374 3782; x_wconf 79' lang='grc' dir='ltr'><strong>ε.</strong></span> 
     </span>
     <span class='ocr_line' id='line_1_40' title="bbox 236 3792 1373 3858; baseline 0.005 -16"><span class='ocrx_word' id='word_1_369' title='bbox 236 3807 330 3858; x_wconf 85' lang='grc' dir='ltr'><strong><em>μαχοι,</em></strong></span> <span class='ocrx_word' id='word_1_370' title='bbox 349 3797 380 3842; x_wconf 81' lang='lat' dir='ltr'><strong>ut</strong></span> <span class='ocrx_word' id='word_1_371' title='bbox 393 3792 451 3842; x_wconf 84' lang='lat' dir='ltr'><strong>lere</strong></span> <span class='ocrx_word' id='word_1_372' title='bbox 462 3793 494 3852; x_wconf 84' lang='lat' dir='ltr'><strong>V,</strong></span> <span class='ocrx_word' id='word_1_373' title='bbox 509 3792 541 3842; x_wconf 82' lang='lat'><strong>75</strong></span> <span class='ocrx_word' id='word_1_374' title='bbox 558 3792 617 3856; x_wconf 89' lang='lat' dir='ltr'><strong>(ubi</strong></span> <span class='ocrx_word' id='word_1_375' title='bbox 631 3793 666 3844; x_wconf 80' lang='lat' dir='ltr'><strong>ef.</strong></span> <span class='ocrx_word' id='word_1_376' title='bbox 681 3793 775 3857; x_wconf 81' lang='lat' dir='ltr'><strong>nott),</strong></span> <span class='ocrx_word' id='word_1_377' title='bbox 825 3800 902 3848; x_wconf 77' lang='lat' dir='ltr'><strong>muris</strong></span> <span class='ocrx_word' id='word_1_378' title='bbox 916 3799 1018 3848; x_wconf 76' lang='lat' dir='ltr'><strong>tutelam</strong></span> <span class='ocrx_word' id='word_1_379' title='bbox 1034 3797 1084 3848; x_wconf 77' lang='grc' dir='ltr'><strong><em>αἰόι·</em></strong></span> <span class='ocrx_word' id='word_1_380' title='bbox 1098 3815 1175 3850; x_wconf 76' lang='lat' dir='ltr'><strong>merae</strong></span> <span class='ocrx_word' id='word_1_381' title='bbox 1188 3815 1253 3850; x_wconf 79' lang='lat' dir='ltr'><strong>erae.</strong></span> <span class='ocrx_word' id='word_1_382' title='bbox 1291 3801 1373 3851; x_wconf 78' lang='lat' dir='ltr'><strong>Cous.</strong></span> 
     </span>
     <span class='ocr_line' id='line_1_41' title="bbox 236 3862 1374 3932; baseline 0.006 -17"><span class='ocrx_word' id='word_1_383' title='bbox 236 3863 284 3916; x_wconf 83' lang='lat' dir='ltr'><strong>aad</strong></span> <span class='ocrx_word' id='word_1_384' title='bbox 292 3863 429 3928; x_wconf 85' lang='lat' dir='ltr'><strong>propriam</strong></span> <span class='ocrx_word' id='word_1_385' title='bbox 443 3876 520 3911; x_wconf 83' lang='lat' dir='ltr'><strong>auam</strong></span> <span class='ocrx_word' id='word_1_386' title='bbox 531 3862 584 3912; x_wconf 86' lang='lat' dir='ltr'><strong>v&#39;irn</strong></span> <span class='ocrx_word' id='word_1_387' title='bbox 596 3865 713 3916; x_wconf 85' lang='lat' dir='ltr'><strong>retinere</strong></span> <span class='ocrx_word' id='word_1_388' title='bbox 722 3863 775 3914; x_wconf 84' lang='lat' dir='ltr'><strong>hoe</strong></span> <span class='ocrx_word' id='word_1_389' title='bbox 827 3867 926 3916; x_wconf 86' lang='lat' dir='ltr'><strong>aimilia</strong></span> <span class='ocrx_word' id='word_1_390' title='bbox 938 3882 1009 3931; x_wconf 83' lang='lat' dir='ltr'><strong>qnae</strong></span> <span class='ocrx_word' id='word_1_391' title='bbox 1020 3872 1130 3926; x_wconf 81' lang='lat' dir='ltr'><strong>exstant</strong></span> <span class='ocrx_word' id='word_1_392' title='bbox 1139 3869 1202 3930; x_wconf 83' lang='lat' dir='ltr'><strong>vti,</strong></span> <span class='ocrx_word' id='word_1_393' title='bbox 1212 3869 1277 3918; x_wconf 71' lang='lat'><strong>⁴207.</strong></span> <span class='ocrx_word' id='word_1_394' title='bbox 1293 3871 1374 3932; x_wconf 84' lang='lat' dir='ltr'><strong>vm,</strong></span> 
     </span>
     <span class='ocr_line' id='line_1_42' title="bbox 236 3930 1375 3998; baseline 0.004 -13"><span class='ocrx_word' id='word_1_395' title='bbox 236 3935 296 3986; x_wconf 83' lang='lat' dir='ltr'><strong>loeo</strong></span> <span class='ocrx_word' id='word_1_396' title='bbox 307 3930 372 3982; x_wconf 88' lang='lat' dir='ltr'><strong>mihi</strong></span> <span class='ocrx_word' id='word_1_397' title='bbox 390 3931 499 3983; x_wconf 88' lang='lat' dir='ltr'><strong>videtur</strong></span> <span class='ocrx_word' id='word_1_398' title='bbox 514 3945 567 3980; x_wconf 81' lang='lat' dir='ltr'><strong>vox</strong></span> <span class='ocrx_word' id='word_1_399' title='bbox 584 3933 618 3982; x_wconf 90' lang='lat' dir='ltr'><strong>ob</strong></span> <span class='ocrx_word' id='word_1_400' title='bbox 634 3949 681 3996; x_wconf 83' lang='lat' dir='ltr'><strong>ea,</strong></span> <span class='ocrx_word' id='word_1_401' title='bbox 705 3949 775 3998; x_wconf 88' lang='lat' dir='ltr'><strong>qnae</strong></span> <span class='ocrx_word' id='word_1_402' title='bbox 826 3935 867 3987; x_wconf 80' lang='lat'><strong>23.</strong></span> <span class='ocrx_word' id='word_1_403' title='bbox 882 3937 915 3998; x_wconf 90' lang='lat' dir='ltr'><strong>V,</strong></span> <span class='ocrx_word' id='word_1_404' title='bbox 930 3937 972 3987; x_wconf 82' lang='grc' dir='ltr'><strong>Π.</strong></span> <span class='ocrx_word' id='word_1_405' title='bbox 988 3937 1017 3998; x_wconf 85' lang='lat'><strong>1,</strong></span> <span class='ocrx_word' id='word_1_406' title='bbox 1032 3937 1091 3990; x_wconf 80' lang='lat' dir='ltr'><strong>tuo.</strong></span> <span class='ocrx_word' id='word_1_407' title='bbox 1118 3937 1160 3988; x_wconf 82' lang='lat' dir='ltr'><strong>Ad</strong></span> <span class='ocrx_word' id='word_1_408' title='bbox 1173 3939 1258 3990; x_wconf 84' lang='lat' dir='ltr'><strong>verba</strong></span> <span class='ocrx_word' id='word_1_409' title='bbox 1273 3935 1375 3997; x_wconf 74' lang='grc' dir='ltr'><strong><em>ταῖνές</em></strong></span> 
     </span>
     <span class='ocr_line' id='line_1_43' title="bbox 236 3992 1374 4078; baseline 0.002 -22"><span class='ocrx_word' id='word_1_410' title='bbox 236 4008 400 4069; x_wconf 77' lang='lat' dir='ltr'><strong>sequuntur:</strong></span> <span class='ocrx_word' id='word_1_411' title='bbox 425 3992 507 4078; x_wconf 69' lang='grc' dir='ltr'><strong><em>αόηοὶ</em></strong></span> <span class='ocrx_word' id='word_1_412' title='bbox 528 3993 580 4062; x_wconf 72' lang='grc' dir='ltr'><strong>γάρ</strong></span> <span class='ocrx_word' id='word_1_413' title='bbox 606 4015 694 4062; x_wconf 86' lang='grc' dir='ltr'><strong><em>σφεας</em></strong></span> <span class='ocrx_word' id='word_1_414' title='bbox 715 3997 775 4053; x_wconf 78' lang='grc' dir='ltr'><strong><em>ἐπε·</em></strong></span> <span class='ocrx_word' id='word_1_415' title='bbox 824 4001 874 4054; x_wconf 83' lang='grc' dir='ltr'><strong><em>τὸν</em></strong></span> <span class='ocrx_word' id='word_1_416' title='bbox 896 4000 1032 4055; x_wconf 85' lang='grc' dir='ltr'><strong><em>ναυτικὸν</em></strong></span> <span class='ocrx_word' id='word_1_417' title='bbox 1054 4001 1176 4070; x_wconf 74' lang='grc' dir='ltr'><strong><em>στρατὸν</em></strong></span> <span class='ocrx_word' id='word_1_418' title='bbox 1202 4007 1374 4072; x_wconf 77' lang='grc' dir='ltr'><strong><em>ταχθέντων</em></strong></span> 
     </span>
     <span class='ocr_line' id='line_1_44' title="bbox 237 4063 1372 4138; baseline 0.006 -15"><span class='ocrx_word' id='word_1_419' title='bbox 237 4068 389 4123; x_wconf 84' lang='grc' dir='ltr'><strong><em>καλέσαντο</em></strong></span> <span class='ocrx_word' id='word_1_420' title='bbox 416 4063 446 4119; x_wconf 88' lang='grc' dir='ltr'><strong>οί</strong></span> <span class='ocrx_word' id='word_1_421' title='bbox 479 4067 601 4133; x_wconf 82' lang='grc' dir='ltr'><strong><em>Ελληνες</em></strong></span> <span class='ocrx_word' id='word_1_422' title='bbox 626 4071 678 4136; x_wconf 88' lang='lat' dir='ltr'><strong>(ita</strong></span> <span class='ocrx_word' id='word_1_423' title='bbox 704 4075 775 4124; x_wconf 87' lang='lat' dir='ltr'><strong>euim</strong></span> <span class='ocrx_word' id='word_1_424' title='bbox 827 4075 897 4126; x_wconf 81' lang='lat' dir='ltr'><strong>conf.</strong></span> <span class='ocrx_word' id='word_1_425' title='bbox 911 4080 982 4126; x_wconf 85' lang='lat' dir='ltr'><strong>nott.</strong></span> <span class='ocrx_word' id='word_1_426' title='bbox 999 4076 1034 4128; x_wconf 85' lang='lat' dir='ltr'><strong>ad</strong></span> <span class='ocrx_word' id='word_1_427' title='bbox 1046 4077 1099 4128; x_wconf 90' lang='lat' dir='ltr'><strong>Vll</strong></span> <span class='ocrx_word' id='word_1_428' title='bbox 1106 4114 1113 4138; x_wconf 90' lang='lat'>,</span> <span class='ocrx_word' id='word_1_429' title='bbox 1134 4079 1163 4130; x_wconf 79' lang='lat'><strong>21</strong></span> <span class='ocrx_word' id='word_1_430' title='bbox 1187 4084 1215 4128; x_wconf 87' lang='lat' dir='ltr'><strong>et</strong></span> <span class='ocrx_word' id='word_1_431' title='bbox 1234 4078 1272 4128; x_wconf 88' lang='lat' dir='ltr'><strong>ad</strong></span> <span class='ocrx_word' id='word_1_432' title='bbox 1287 4094 1372 4130; x_wconf 76' lang='grc' dir='ltr'><strong><em>τουσι</em></strong></span> 
     </span>
     <span class='ocr_line' id='line_1_45' title="bbox 237 4133 1371 4212; baseline 0.006 -18"><span class='ocrx_word' id='word_1_433' title='bbox 237 4143 347 4194; x_wconf 77' lang='lat' dir='ltr'><strong>exhibui</strong></span> <span class='ocrx_word' id='word_1_434' title='bbox 368 4139 554 4190; x_wconf 76' lang='lat' dir='ltr'><strong>Florentinum</strong></span> <span class='ocrx_word' id='word_1_435' title='bbox 578 4145 689 4192; x_wconf 83' lang='lat' dir='ltr'><strong>aeentua</strong></span> <span class='ocrx_word' id='word_1_436' title='bbox 714 4160 774 4194; x_wconf 85' lang='lat' dir='ltr'><strong>eum</strong></span> <span class='ocrx_word' id='word_1_437' title='bbox 825 4137 874 4194; x_wconf 87' lang='grc' dir='ltr'><strong>τόν</strong></span> <span class='ocrx_word' id='word_1_438' title='bbox 889 4133 1006 4194; x_wconf 74' lang='grc' dir='ltr'><strong><em>ἐπιόντα</em></strong></span> <span class='ocrx_word' id='word_1_439' title='bbox 1020 4139 1065 4196; x_wconf 75' lang='grc' dir='ltr'><strong>ἐπὶ</strong></span> <span class='ocrx_word' id='word_1_440' title='bbox 1079 4144 1133 4212; x_wconf 75' lang='grc' dir='ltr'><strong><em>τήν</em></strong></span> <span class='ocrx_word' id='word_1_441' title='bbox 1149 4139 1270 4196; x_wconf 70' lang='grc' dir='ltr'><strong><em>Ἐλλάδα</em></strong></span> <span class='ocrx_word' id='word_1_442' title='bbox 1283 4147 1371 4200; x_wconf 81' lang='lat' dir='ltr'><strong>allata</strong></span> 
     </span>
     <span class='ocr_line' id='line_1_46' title="bbox 236 4199 1003 4275; baseline 0.003 -13"><span class='ocrx_word' id='word_1_443' title='bbox 236 4213 341 4263; x_wconf 85' lang='lat' dir='ltr'><strong>Sohwei</strong></span> <span class='ocrx_word' id='word_1_444' title='bbox 360 4210 387 4260; x_wconf 89' lang='lat' dir='ltr'><strong>h.</strong></span> <span class='ocrx_word' id='word_1_445' title='bbox 400 4215 427 4260; x_wconf 87' lang='lat' dir='ltr'><strong>et</strong></span> <span class='ocrx_word' id='word_1_446' title='bbox 436 4208 523 4262; x_wconf 69' lang='lat' dir='ltr'><strong>uetat.</strong></span> <span class='ocrx_word' id='word_1_447' title='bbox 534 4225 583 4275; x_wconf 90' lang='lat' dir='ltr'><strong>pro</strong></span> <span class='ocrx_word' id='word_1_448' title='bbox 596 4211 669 4274; x_wconf 83' lang='lat' dir='ltr'><strong>vulg.</strong></span> <span class='ocrx_word' id='word_1_449' title='bbox 681 4199 774 4261; x_wconf 79' lang='grc' dir='ltr'><strong><em>οίἘλ-</em></strong></span> <span class='ocrx_word' id='word_1_450' title='bbox 823 4215 857 4265; x_wconf 86' lang='lat' dir='ltr'><strong>ad</strong></span> <span class='ocrx_word' id='word_1_451' title='bbox 870 4215 932 4274; x_wconf 86' lang='lat' dir='ltr'><strong>vn,</strong></span> <span class='ocrx_word' id='word_1_452' title='bbox 946 4215 1003 4266; x_wconf 78' lang='lat'>157.</span> 
     </span>
     <span class='ocr_line' id='line_1_47' title="bbox 235 4225 1368 4350; baseline 0.008 -23"><span class='ocrx_word' id='word_1_453' title='bbox 235 4279 318 4344; x_wconf 80' lang='grc' dir='ltr'><strong><em>λητες</em></strong></span> <span class='ocrx_word' id='word_1_454' title='bbox 342 4225 557 4340; x_wconf 67' lang='grc' dir='ltr'><strong><em>ίπεκαλίοαντο,</em></strong></span> <span class='ocrx_word' id='word_1_455' title='bbox 584 4279 655 4345; x_wconf 84' lang='lat' dir='ltr'><strong>quod</strong></span> <span class='ocrx_word' id='word_1_456' title='bbox 677 4281 774 4350; x_wconf 85' lang='lat' dir='ltr'><strong>reliqui</strong></span> <span class='ocrx_word' id='word_1_457' title='bbox 858 4275 892 4332; x_wconf 79' lang='lat' dir='ltr'><strong>orl</strong></span> <span class='ocrx_word' id='word_1_458' title='bbox 905 4278 957 4348; x_wconf 75' lang='grc' dir='ltr'><strong>γὰρ</strong></span> <span class='ocrx_word' id='word_1_459' title='bbox 970 4275 1043 4334; x_wconf 82' lang='grc' dir='ltr'><strong><em>θεόν</em></strong></span> <span class='ocrx_word' id='word_1_460' title='bbox 1055 4277 1129 4333; x_wconf 78' lang='grc' dir='ltr'><strong><em>εἶναι</em></strong></span> <span class='ocrx_word' id='word_1_461' title='bbox 1141 4277 1191 4334; x_wconf 84' lang='grc' dir='ltr'><strong>τόν</strong></span> <span class='ocrx_word' id='word_1_462' title='bbox 1208 4274 1329 4336; x_wconf 75' lang='grc' dir='ltr'><strong><em>ἐπιόντα</em></strong></span> <span class='ocrx_word' id='word_1_463' title='bbox 1342 4304 1368 4336; x_wconf 85' lang='grc' dir='ltr'><strong>ιι.</strong></span> 
     </span>
     <span class='ocr_line' id='line_1_48' title="bbox 236 4347 1370 4420; baseline 0.009 -21"><span class='ocrx_word' id='word_1_464' title='bbox 236 4347 498 4414; x_wconf 83' lang='lat' dir='ltr'><strong>edd.retinuerunt)=</strong></span> <span class='ocrx_word' id='word_1_465' title='bbox 512 4353 674 4415; x_wconf 80' lang='lat' dir='ltr'><strong>nomquer&#39;pat&#39;</strong></span> <span class='ocrx_word' id='word_1_466' title='bbox 683 4353 776 4404; x_wconf 78' lang='lat' dir='ltr'><strong>Graeci</strong></span> <span class='ocrx_word' id='word_1_467' title='bbox 822 4367 845 4404; x_wconf 91' lang='grc' dir='ltr'><strong><em>τ.</em></strong></span> <span class='ocrx_word' id='word_1_468' title='bbox 859 4351 894 4419; x_wconf 79' lang='grc' dir='ltr'><strong>λ]</strong></span> <span class='ocrx_word' id='word_1_469' title='bbox 908 4354 1007 4405; x_wconf 83' lang='lat' dir='ltr'><strong>Merito</strong></span> <span class='ocrx_word' id='word_1_470' title='bbox 1017 4353 1087 4406; x_wconf 85' lang='lat' dir='ltr'><strong>hano</strong></span> <span class='ocrx_word' id='word_1_471' title='bbox 1098 4355 1243 4420; x_wconf 85' lang='lat' dir='ltr'><strong>aeriptoria</strong></span> <span class='ocrx_word' id='word_1_472' title='bbox 1256 4362 1370 4409; x_wconf 80' lang='lat' dir='ltr'><strong>senten-</strong></span> 
     </span>
     <span class='ocr_line' id='line_1_49' title="bbox 235 4419 1369 4491; baseline 0.01 -23"><span class='ocrx_word' id='word_1_473' title='bbox 235 4433 279 4470; x_wconf 82' lang='lat' dir='ltr'><strong>eoa</strong></span> <span class='ocrx_word' id='word_1_474' title='bbox 290 4421 483 4483; x_wconf 73' lang='lat' dir='ltr'><strong>advocaverant,</strong></span> <span class='ocrx_word' id='word_1_475' title='bbox 495 4419 555 4472; x_wconf 88' lang='lat' dir='ltr'><strong>aeil.</strong></span> <span class='ocrx_word' id='word_1_476' title='bbox 569 4419 605 4472; x_wconf 81' lang='lat' dir='ltr'><strong>ed</strong></span> <span class='ocrx_word' id='word_1_477' title='bbox 615 4435 693 4486; x_wconf 86' lang='lat' dir='ltr'><strong>opem</strong></span> <span class='ocrx_word' id='word_1_478' title='bbox 705 4423 772 4488; x_wconf 76' lang='lat' dir='ltr'><strong>ipsiu</strong></span> <span class='ocrx_word' id='word_1_479' title='bbox 822 4423 903 4484; x_wconf 88' lang='lat' dir='ltr'><strong>tiam,</strong></span> <span class='ocrx_word' id='word_1_480' title='bbox 930 4423 1008 4477; x_wconf 77' lang='lat' dir='ltr'><strong>euius</strong></span> <span class='ocrx_word' id='word_1_481' title='bbox 1024 4424 1127 4476; x_wconf 85' lang='lat' dir='ltr'><strong>aimilea</strong></span> <span class='ocrx_word' id='word_1_482' title='bbox 1144 4427 1229 4478; x_wconf 82' lang='lat' dir='ltr'><strong>etiam</strong></span> <span class='ocrx_word' id='word_1_483' title='bbox 1244 4441 1294 4491; x_wconf 91' lang='lat' dir='ltr'><strong>per</strong></span> <span class='ocrx_word' id='word_1_484' title='bbox 1317 4427 1369 4479; x_wconf 85' lang='lat' dir='ltr'><strong>hoa</strong></span> 
     </span>
    </p>
   </div>
   <div class='ocr_carea' id='block_1_3' title="bbox 0 0 1489 5010">
    <p class='ocr_par' dir='ltr' id='par_1_4' title="bbox 0 0 1489 5010">
     <span class='ocr_line' id='line_1_50' title="bbox 0 0 1489 5010; baseline 0 0"><span class='ocrx_word' id='word_1_485' title='bbox 0 0 1489 5010; x_wconf 95' lang='lat' dir='ltr'><strong> </strong></span> 
     </span>
    </p>
   </div>
  </div>
 </body>
</html>
