2986 5014
231 393 293 456 806
630 394 902 455 EXCURSUS
931 394 967 454 Il

519 817 552 892 Ε
581 819 618 892 X
652 816 682 891 O
709 817 747 892 U
773 818 807 891 R
834 817 859 893 S
890 819 929 894 U
959 817 985 894 S
1045 819 1084 892 II

552 988 616 1054 ao
633 987 918 1053 aaaooonun
937 987 976 1070 v,
993 992 1044 1052 or.

387 1165 463 1237 (Ex
487 1167 667 1226 Creuzeri
696 1165 882 1221 Commentott.
910 1166 1055 1226 Herodoti.
1079 1184 1112 1238 ρ.
1144 1162 1221 1240 12.)

700 1351 894 1360 —-———.
911 1347 914 1355 ¹

280 1465 321 1530 Toi
336 1493 365 1532 τε
383 1465 418 1546 dai
437 1459 511 1528 itta
526 1489 554 1526 οι
547 1461 733 1528 Σικυωνιοι
751 1464 780 1527 ἔτ
781 1458 901 1546 ίμων
873 1489 924 1527 τον
937 1457 1102 1564 Αδρηστον
1119 1490 1169 1526 aaa
1161 1460 1227 1544 'dai
1243 1459 1324 1542 πρὸς
1340 1491 1380 1528 τα

360 1548 463 1616 πάθεα
480 1549 572 1614 αὐτοῦ
588 1557 754 1654 τραγικοῖσι
769 1557 880 1632 χοροῖσι
895 1550 1056 1632 ἐγέραιρον,
1072 1544 1194 1630 τὸνμὲν
1217 1553 1378 1612 Androcus·

360 1639 396 1701 οὐ
409 1635 572 1737 τιμέοντες,
587 1631 638 1701 τὸν
654 1637 686 1699 di
698 1632 869 1738 Ἄδρηστον.
895 1635 1077 1715 Κλεισθένης
1093 1637 1126 1699 di
1140 1659 1248 1717 χορους
1260 1637 1363 1722 μὲν
1331 1642 1378 1698 sni

364 1718 508 1828 Διονύσῳ
527 1714 732 1800 ἀπέδωκε,
700 1747 756 1822 την
783 1721 814 1784 di
836 1715 930 1800 αλλην
955 1725 1068 1800 θυσίην
1095 1725 1137 1809 τηῐ
1164 1703 1377 1786 Μελανίπποο.

362 1811 463 1871 Ταῦτα
477 1784 532 1888 μὲν
550 1807 578 1881 ἐς
588 1802 751 1887 ΙἈι1ρηστόν
764 1831 793 1869 οι
787 1809 959 1887 πεποίητο

319 1986 414 2054 „Haeo
430 1984 527 2054 partim
543 1985 637 2052 vertit,
654 1983 751 2054 partim
765 1977 925 2052 περιφράζει
945 1982 985 2034 ita
1000 1982 1143 2036 Bentleius
1160 1987 1233 2055 [mox
1253 1983 1374 2037 landan-

234 2071 314 2138 dus]:
329 2112 346 2139 ,‚
356 2069 498 2138 „Sicyonii
511 2069 636 2122 omnibus
648 2069 734 2122 modis
749 2069 901 2121 memoriam
913 2067 1059 2120 coluerunt
1071 2069 1181 2120 Adrasti
1194 2079 1223 2121 et
1236 2070 1373 2139 imprimis
1434 2119 1438 2128 ,

235 2175 279 2210 res
296 2155 369 2207 vitae
385 2155 444 2206 eius
461 2155 573 2222 tragicis
590 2153 885 2222 chorisgcelebrarunt3
908 2171 967 2205 cum
984 2153 1122 2206 materiam
1144 2153 1198 2205 illis
1215 2155 1373 2208 subiectam

233 2261 287 2294 aaa
306 2243 452 2306 Bocchum,
468 2244 513 2292 scd
523 2243 668 2294 Adrastum
684 2240 816 2292 facerent.
844 2239 898 2291 Sed
912 2237 1068 2290 Clisthenes
1085 2240 1196 2292 chorum
1212 2241 1375 2308 assignarit

236 2326 339 2378 Baccho
361 2331 389 2376 et
414 2323 547 2395 reliquum
569 2324 729 2377 festivitatis
745 2323 961 2393 Melanippo-““
978 2353 1021 2366 -
1036 2323 1109 2388 „Est
1131 2324 1208 2376 locus
1232 2323 1375 2377 classicus

234 2411 267 2466 de
283 2410 388 2477 origine
406 2411 573 2478 tragoediae.
617 2409 658 2462 De
674 2425 728 2480 quo
742 2409 781 2460 ita
795 2407 938 2462 Bentleius
953 2407 980 2460 in
997 2407 1165 2461 nobilissima
1179 2409 1375 2478 disputatione

234 2497 369 2547 adversus
392 2494 523 2562 Boyleum
545 2511 608 2563 pag.
625 2497 675 2548 293
691 2494 827 2565 (Opuscc.
850 2493 953 2563 philoll.
971 2513 997 2562 p.
1015 2495 1067 2547 :310
1081 2511 1141 2564 seq.
1164 2495 1208 2546 ed.
1233 2491 1374 2563 Lips.*):

234 2621 252 2649 ‚,
262 2577 389 2648 „Revera
405 2579 471 2632 nihil
487 2579 560 2632 aliud
577 2597 610 2632 ex
626 2579 668 2631 his
684 2577 751 2630 locis
770 2578 831 2630 elici
847 2585 956 2649 potest,
974 2579 1026 2629 nisi
1043 2579 1116 2647 quod
1134 2585 1197 2630 ante
1216 2579 1372 2649 Thespidis

234 2673 342 2736 tempus
358 2664 443 2734 prima
457 2665 633 2718 stradamenta
648 2670 675 2717 et
690 2663 770 2732 quasi
784 2664 889 2716 semina
901 2664 1060 2730 tragoediae
1076 2663 1146 2715 iacta
1162 2663 1234 2729 sint3
1253 2665 1371 2716 fuerunt

235 2750 310 2802 chori
326 2757 400 2801 etex
417 2767 448 2801 eo
464 2757 584 2817 tempore
601 2755 698 2800 cantus
716 2741 975 2818 αὖτοσχεδιαστιιιὰ,
993 2748 1042 2800 sed
1068 2748 1134 2800 nihil
1159 2749 1293 2817 scriptum
1318 2767 1368 2800 nec

235 2835 351 2902 editum,
377 2841 407 2885 ut
428 2835 523 2904 poema
549 2833 778 2886 dramaticum.““
822 2833 886 2895 Qua
904 2834 938 2885 de
960 2851 989 2884 re
1011 2831 1078 2884 nihil
1098 2833 1166 2886 certi
1186 2834 1364 2903 pronuntiare

235 2919 318 2970 audet
339 2915 507 2985 wesseling.
530 2917 610 2969 adh.
633 2915 651 2969 1.
673 2918 830 2970 Larcherus
854 2937 916 2988 pag.
932 2920 983 2973 303
1002 2935 1061 2987 seq.
1079 2917 1112 2970 ad
1134 2925 1259 2970 nostram
1281 2919 1365 2971 locem

234 3003 314 3072 plane
331 3021 360 3054 se
376 3001 409 3052 ad
422 3001 539 3054 Bentleii
554 3001 744 3055 anctoritatem
760 3002 892 3073 applicat:
909 3005 931 3055 A
946 3003 1050 3069 l'egard
1063 3003 1098 3054 du
1114 3021 1233 3071 passage
1249 3003 1367 3055 d’Hero-

234 3089 314 3154 dote,
342 3103 441 3138 comme
468 3093 511 3137 cet
537 3086 670 3140 historico
697 3089 785 3141 vivait
809 3088 877 3140 dans
899 3105 935 3140 un
953 3095 1039 3156 temps
1056 3105 1090 3140 ou
1111 3087 1276 3154 latrugedie
1292 3088 1369 3139 erait

234 3172 333 3223 atteint
345 3186 395 3222 son
408 3169 486 3240 point
497 3170 530 3224 de
545 3173 708 3242 perfectiora,
720 3173 739 3224 il
755 3174 844 3225 donne
861 3189 911 3242 par
923 3189 977 3225 une
992 3172 1118 3242 prolepse
1132 3189 1187 3225 aux
1202 3171 1320 3225 chaeurs
1332 3190 1367 3225 eu

235 3256 378 3308 l’honneur
390 3255 536 3308 d'Adraste
557 3256 582 3309 le
599 3275 659 3308 nom
676 3257 709 3309 de
724 3259 841 3310 chaeurs
853 3258 1004 3327 tragiques,
1022 3257 1170 3326 quoiqu'ils
1183 3275 1216 3310 ne
1231 3257 1370 3310 l'eussent

235 3340 431 3410 pointalors.“
464 3340 545 3413 [Add.
564 3343 600 3394 G.
617 3342 781 3396 Schneider:
815 3343 855 3395 De
877 3343 965 3410 origg.
989 3341 1113 3410 tragoed.
1135 3345 1226 3410 caph
1249 3359 1313 3411 pag.
1335 3345 1368 3396 to

234 3445 292 3494 seq.
309 3425 368 3492 Bru]
413 3425 444 3478 Ῑιι
462 3425 513 3478 alia
530 3427 658 3480 abierunt
678 3443 765 3497 nuper
779 3427 920 3480 Heinrich.
937 3429 965 3478 ia
983 3426 1142 3496 Epimenide
1159 3427 1284 3496 rlppeod.
1301 3445 1366 3496 pag.

236 3513 283 3563 158
310 3515 337 3562 et
362 3511 504 3580 Boettiger
531 3513 558 3565 ia
584 3512 704 3582 proles„
737 3529 807 3581 quae
831 3512 1005 3564 inscribitur:
1038 3513 1177 3574 Quattuor
1195 3519 1301 3564 aetates
1326 3513 1366 3564 rei

233 3595 358 3648 scenicae
374 3613 400 3664 p.
416 3599 442 3650 6.
464 3598 574 3660 Quibus
590 3597 658 3648 adde
673 3596 822 3649 Hermanni
836 3596 975 3666 disputata
990 3596 1023 3647 ad
1039 3595 1179 3649 Aristotel.
1194 3597 1295 3664 positio.
1314 3597 1365 3662 111,

233 3685 248 3734 5
270 3697 332 3749 pag.
355 3684 419 3749 lot,
441 3683 487 3751 qui
509 3683 662 3751 Epigenem
684 3681 839 3750 Sicyonium
858 3682 989 3748 tragicum
1012 3699 1028 3731 a
1051 3679 1169 3732 Bentleii
1194 3681 1365 3733 dubitatione

234 3766 385 3819 vindicarit
410 3768 469 3838 (Cf.
494 3767 583 3819 Bentl.
608 3767 728 3836 Opuscc.
755 3786 782 3837 p.
799 3770 850 3821 279
871 3785 930 3836 seq.
945 3765 988 3816 ed.
1010 3765 1102 3833 Lips.)
1139 3764 1201 3832 ligo
1224 3783 1257 3818 ex
1279 3766 1365 3818 Soida

233 3851 308 3920 (Vol.
325 3851 362 3903 Il.
379 3869 406 3920 p.
423 3855 471 3906 731
490 3851 619 3914 Knater.)
635 3859 663 3903 et
677 3851 774 3904 Photio
791 3851 906 3921 (Lexico
923 3851 972 3903 Gr.
990 3866 1053 3918 pag.
1071 3851 1122 3902 260
1144 3847 1219 3922 seq.)
1243 3851 1277 3902 ab
1292 3851 1362 3902 Her-

232 3953 330 3988 manno
345 3935 471 4001 laudatis‚
494 3935 598 4002 aliquot
614 3937 697 3988 verba
711 3953 854 4007 apponam,
870 3951 941 4005 quae
960 3951 1019 3986 curn
1036 3933 1178 3986 Herodoto
1197 3935 1362 3988 conferenda

233 4039 295 4072 esse
320 4021 463 4072 videntur:
496 4011 587 4072 Οὐδὲν
614 4015 682 4086 πρὸς
703 4015 752 4075 τὸν
766 4015 915 4075 Διόνυσον.
948 4011 1112 4088 Ἐπιγένους
1132 4021 1181 4073 τοῦ
1204 4021 1363 4072 Σικυωνίου

230 4106 386 4176 τραγῳδίαν
406 4101 445 4165 εἰς
465 4097 515 4157 cdv
531 4099 670 4158 Διόνυσον
684 4101 862 4177 ποιήσαντες,
887 4099 1071 4174 ἔπεφώνησιὶν
1086 4122 1158 4165 τινες
1172 4107 1269 4158 τοῦτο·
1290 4097 1363 4157 ὅθεν

231 4183 248 4260 ἡ
266 4191 407 4257 παροιμία.
452 4187 562 4267 Βέλτιον
577 4186 606 4242 di
624 4183 712 4245 odra·
736 4185 767 4246 τὸ
786 4187 910 4262 πρόσθεν
926 4187 965 4253 εἰς
979 4185 1028 4244 τὸν
1042 4183 1183 4243 Διόνυσον
1199 4185 1361 4260 γράφοντες,

270 4323 325 4330 -—-·—
333 4321 432 4329 --.-.--

299 4403 325 4468 *)
343 4403 414 4470 [Vid.
431 4407 571 4474 Bentley’s
587 4409 721 4460 Abbaadl.
736 4409 802 4461 iiber
823 4409 948 4460 Phalaris
962 4414 1014 4461 etc.
1032 4424 1085 4462 von
1101 4411 1145 4464 W.
1162 4407 1284 4460 Ribbeck
1298 4423 1360 4473 pag.

120 4520 143 4523 a.
229 4475 276 4525 311
292 4491 368 4542 seqq.
383 4475 433 4534 318
447 4477 534 4545 seqq]
