3062 4976
202 323 263 394 368

636 319 904 386 HERODOTI

135 515 194 576 103
203 503 298 574 τοῦτό
313 470 374 588 σοι
389 499 567 587 κατηγέετο
575 494 701 588 Ἱτιιτίης
715 493 733 568 ὁ
748 497 1003 590 Πεισιστράτου.
1035 495 1208 591 Ἀθηναῖοι
1225 501 1279 589 dl,
1294 497 1338 585 ὥς

202 608 369 678 ἐπύθοντο
383 607 504 690 ταῦτα,
525 602 690 691 ἐβοήθεον
703 605 758 671 καὶ
772 601 867 673 αὐτοὶ
882 606 915 688 ἐς
929 603 987 673 τὸν
1002 611 1216 694 Μαραθῶνα.
1253 601 1337 697 ἦγον

200 715 240 782 ds'
251 733 356 798 σφεας
376 707 554 794 στρατηγοὶ
576 708 673 792 δέκα,
701 711 769 775 τῶν
793 702 811 774 ὁ
833 709 971 788 δέκατος
992 699 1033 797 ἦν
1048 710 1254 799 Μιλτιάδης,
1276 718 1336 780 τοῦ

199 912 267 962 libro
277 904 560 970 Schweighaeuserns,
573 920 651 970 quem
662 907 741 958 Gais-

201 981 270 1031 iord.
287 985 315 1029 et
333 977 440 1026 Bekher
458 977 547 1025 secuti
567 981 646 1038 suut,
665 977 739 1027 exhi-

200 1052 262 1101 buit
294 1037 525 1106 Πεισιστράτω,
556 1047 738 1095 revocandam

199 1119 293 1170 censui
313 1115 451 1180 vulgarem
468 1115 631 1179 scripturam
643 1113 740 1162 Πεισι-

200 1185 351 1251 στράτου,
369 1198 450 1249 quam
462 1186 558 1233 merito
574 1189 740 1234 revocarunt

199 1258 325 1311 Diodori.
342 1262 369 1305 et
380 1252 521 1316 Dietseh.,
540 1269 600 1302 enm
614 1269 630 1302 a
644 1251 739 1301 Heroi-

200 1341 318 1392 στρατος
337 1323 411 1374 flecti
431 1327 550 1387 nequeat
574 1315 740 1386 Πεισιστρά-

198 1412 268 1457 rso,
286 1395 334 1447 sed
349 1407 429 1443 unum
443 1385 662 1456 Πεισιστράτους
681 1392 737 1442 vid.

199 1467 316 1518 Bredov.
334 1478 393 1528 pag.
414 1461 465 1511 234
483 1467 510 1510 et
524 1461 594 1512 ceni.
615 1467 685 1510 nott.
705 1460 739 1510 ad

199 1538 211 1587 l
216 1539 247 1600 V,
259 1537 318 1587 147.
342 1535 383 1582 De
395 1532 455 1596 ipso
469 1545 555 1594 canipe
567 1530 740 1592 Marathonio,

200 1608 227 1656 iu
247 1619 300 1670 quo
319 1607 466 1667 pugnatum
482 1609 539 1662 est,
563 1615 595 1650 ae
616 1600 649 1650 de
664 1599 740 1662 urbe,

199 1690 280 1741 qnam
293 1673 356 1723 olim
376 1670 447 1720 hand
462 1669 518 1718 alio
534 1669 594 1718 loeo
607 1671 687 1720 sitam
700 1669 740 1720 ln-

200 1750 254 1796 isse
266 1749 403 1810 putamus,
419 1753 499 1804 quam
511 1755 565 1803 qno
578 1755 650 1790 nune
663 1741 739 1790 vicus

200 1813 360 1866 recentioris
373 1810 472 1859 aetatis
483 1809 629 1873 reperitur,
646 1809 739 1859 eodem

200 1885 307 1935 nomine
327 1873 354 1946 (ὁ
369 1875 569 1942 Μαραθῶνος)
583 1879 738 1942 insignitus,

198 1953 321 2020 pluribus
339 1949 513 2014 exposuimus
529 1948 558 1998 in
570 1949 692 1999 Excursu
704 1949 739 1998 ad

200 2025 225 2074 h.
242 2024 269 2087 l.,
285 2021 331 2072 nbi
347 2019 403 2071 vid,

240 2089 268 2148 ἐς
284 2085 370 2140 τοῦτο’
388 2101 438 2153 σφι
459 2083 607 2152 κατηγέετο
627 2077 740 2148 Ἱππίης

199 2151 740 2224 dHassisrputov]QuaeritRoss(Bliitt.

98 2271 105 2286 ,
199 2233 219 2284 l.
232 2233 336 2282 literar.
344 2227 497 2280 Unterhalt.
517 2227 591 2278 1833.
606 2242 646 2278 nr.
657 2226 740 2274 104-

203 2302 260 2353 106.
275 2319 300 2367 p.
317 2301 368 2350 427
384 2313 458 2364 seqq.
479 2305 506 2348 et
525 2298 695 2362 potissimum
711 2311 737 2359 p.

199 2373 250 2422 435
261 2387 317 2436 seq.
328 2407 334 2432 ,
346 2367 523 2431 Archaeolog.
537 2365 668 2416 Auisiitae
678 2364 699 2414 1.
712 2381 738 2428 p.

200 2443 248 2492 211
264 2439 342 2505 seq),
352 2438 399 2503 qni
412 2439 515 2486 factum
527 2439 573 2497 sit,
590 2443 620 2486 ut
630 2436 740 2498 Persae,

200 2526 268 2576 quos
281 2509 398 2574 ilippias
415 2505 534 2555 locorum
553 2505 621 2555 bene
639 2517 739 2568 gnarus

200 2577 371 2640 ducebat,ad
381 2581 436 2625 tam
447 2573 584 2624 difficilem
594 2573 681 2624 locum
692 2589 739 2638 ap·

199 2647 326 2715 pulerint,
335 2642 572 2709 neqnePhalerum
583 2643 739 2708 navigarint

199 2721 248 2769 aut
260 2717 294 2765 ad
306 2715 433 2775 Prasias,
457 2711 626 2762 commodum
639 2711 738 2775 locum,

198 2785 364 2850 appulerint,
372 2783 443 2832 unde
454 2782 499 2830 via
507 2783 575 2830 satis
585 2784 651 2830 trita
659 2781 739 2830 rithe-

200 2871 249 2909 nas
260 2853 385 2914 ducebat,
397 2851 533 2916 equitibus
544 2852 647 2914 peruia.
662 2851 740 2913 Quod

199 2923 353 2974 llerodotns
367 2921 425 2984 (VI,
441 2919 501 2983 102)
516 2919 612 2970 afferat
625 2921 658 2970 de
669 2937 739 2970 eom·

200 3009 235 3059 po
250 2991 421 3042 Marathonio
441 2989 580 3054 equitibus
595 2993 682 3055 magis
695 3006 737 3040 ae·

200 3062 388 3123 commodato,
409 3059 436 3109 id
451 3059 517 3109 ferri
533 3073 587 3109 non
598 3075 677 3124 posse
690 3075 740 3125 pu·

199 3138 255 3191 tat;
281 3133 352 3182 unde
376 3129 546 3181 Herodotum
571 3130 683 3180 coniicit
705 3145 738 3180 ea

198 3209 306 3253 tuntum
329 3203 432 3263 dicere,
463 3215 532 3265 quae
556 3200 637 3266 vulgo
664 3200 737 3265 apud

199 3273 321 3323 Graecos
339 3271 371 3321 de
388 3271 441 3321 hae
458 3285 487 3320 re
508 3269 612 3320 tradita
628 3270 737 3331 inerint,

199 3359 259 3393 enm
271 3357 361 3393 veram
373 3341 396 3390 si
408 3340 540 3406 indagare
551 3339 663 3390 velimus
675 3355 740 3389 ean·

199 3429 270 3475 sam,
291 3411 407 3475 Hippias
427 3425 486 3459 eam
506 3411 540 3461 ob
562 3423 672 3459 eausam
694 3409 738 3458 hic

199 3479 337 3547 appulisse
355 3479 496 3540 rideatur,
510 3485 540 3528 nt
555 3479 739 3541 praeternavi-

199 3557 295 3617 gantes
310 3550 411 3600 Persae
421 3547 563 3612 Tetrapoli
577 3549 738 3612 potirentur,

199 3619 410 3672 Atheniensibus
419 3633 483 3669 vero
494 3617 584 3667 subito
593 3617 738 3667 advenien-

200 3691 273 3740 tibus
288 3689 323 3738 ad
332 3703 450 3754 pugnam
463 3687 552 3737 eoaeti
568 3691 668 3737 essent.
696 3687 740 3736 ln·

199 3759 274 3810 colas
287 3757 358 3807 enim
375 3755 456 3806 huius
473 3755 558 3820 partis
571 3757 679 3806 Atticae
694 3758 739 3806 Pi-

199 3831 311 3881 sistrato
329 3832 357 3876 et
373 3825 556 3876 Pisistratidis
575 3841 679 3888 semper
698 3825 739 3875 la·

198 3900 271 3950 visse
281 3897 419 3947 existimat
431 3893 548 3960 indeque
557 3895 687 3959 Hippiam
699 3895 739 3945 ls-

198 3970 250 4020 cilc
270 3969 299 4017 iu
315 3981 374 4017 eam
395 3965 548 4029 epimonem
572 3963 671 4013 adduci
690 3979 738 4029 po-

199 4043 298 4102 tuisse,
312 4041 341 4088 ut
354 4035 462 4086 minime
479 4033 619 4084 defuturos
637 4047 696 4083 esse
709 4035 737 4082 in

199 4110 250 4159 liae
264 4107 372 4159 Atticae
389 4109 467 4169 parte
485 4102 620 4164 crederet,
643 4103 689 4166 qui
701 4103 736 4151 ad

199 4179 284 4242 ipsius
302 4192 362 4226 cnm
376 4175 466 4224 Persis
483 4171 654 4222 advenientis
673 4187 735 4236 par-

199 4254 240 4296 les
255 4246 415 4295 accederent
432 4259 516 4307 eoque
529 4242 638 4290 Atticae
651 4257 736 4304 expu-

198 4317 355 4378 gnationem
368 4314 459 4364 Persis
473 4309 615 4362 redderent
631 4311 737 4360 facilio-

197 4399 262 4434 rem.
298 4385 339 4433 De
357 4398 409 4448 quo
425 4387 487 4433 istut
502 4381 618 4445 statuis,
634 4379 735 4432 falsum

790 911 946 956 eerte'esse
961 907 1090 971 Hippiam
1108 909 1177 958 satis
1199 909 1335 960 novimus.

792 976 845 1036 Qui
856 977 884 1024 in
895 976 1009 1024 eandem
1020 991 1075 1025 rem
1089 977 1232 1042 inquisivit
1242 980 1334 1028 Leahe

791 1046 855 1108 (Die
866 1045 970 1094 Demen
980 1045 1100 1094 Ataika's
1113 1063 1140 1112 p.
1152 1049 1185 1098 93
1198 1064 1272 1113 seqq.
1290 1049 1331 1098 ed.

790 1115 1020 1177 Westermann.),
1038 1116 1067 1164 in
1082 1115 1225 1181 deligendo
1237 1133 1332 1183 eampo

791 1183 963 1233 Marathonio
991 1183 1064 1233 hand
1089 1188 1332 1250 praetermittenda

791 1268 851 1302 esse
869 1253 1017 1304 arbitratur
1034 1269 1068 1304 ea
1086 1257 1241 1317 commoda,
1263 1271 1332 1321 qnae

790 1323 881 1371 Persis
892 1323 1048 1386 praebuerit
1060 1326 1140 1376 maris
1152 1327 1226 1375 sinus
1236 1333 1330 1389 aptam

791 1391 906 1442 navibus
916 1393 1063 1442 stationem
1076 1394 1219 1454 exhibens,
1234 1393 1331 1443 deinde

791 1461 903 1510 Euboea
915 1463 1039 1526 proxima
1053 1479 1069 1512 a
1082 1465 1172 1514 Persis
1185 1465 1239 1512 iarn
1251 1479 1333 1513 oeen-

791 1537 866 1594 patc,
881 1530 1007 1594 planities
1020 1533 1134 1598 denique
1146 1531 1332 1596 Marathonia,

791 1601 943 1664 equitibus,
964 1602 1061 1666 quibus
1074 1600 1257 1653 excelluerunt
1268 1603 1332 1653 Per-

790 1684 851 1731 sae,
868 1671 1088 1730 accommodata;
1107 1672 1153 1722 sed
1169 1671 1239 1723 haee
1259 1688 1332 1722 eom-

791 1741 872 1790 moda
895 1742 1002 1805 magnis
1025 1755 1132 1806 qnoque
1153 1742 1332 1792 incommodis

790 1811 960 1874 compensari
977 1811 1049 1860 idem
1066 1811 1176 1875 statuit,
1199 1827 1260 1861 eum
1272 1827 1333 1876 pro·

789 1884 850 1944 pter
865 1879 978 1943 paludes
988 1881 1133 1930 Persarum
1146 1882 1242 1945 copiae
1257 1895 1271 1930 e
1284 1895 1332 1929 na-

789 1949 869 1998 vibus
889 1951 976 1998 nrinns
994 1949 1061 2000 bene
1080 1952 1225 2001 escendere
1238 1961 1333 2015 potue·

788 2017 846 2066 rint
857 2024 941 2082 atque
956 2019 1044 2083 ipsum
1056 2021 1195 2084 pugnandi
1210 2022 1330 2085 spatinrn

790 2087 818 2135 in
832 2086 946 2151 planitie
960 2089 1040 2139 valde
1054 2087 1214 2140 diminutum
1231 2090 1268 2141 sit
1282 2105 1331 2139 nee

790 2155 906 2221 deniqne
930 2163 1035 2208 montes
1058 2159 1143 2208 vieini
1167 2165 1224 2208 tam
1249 2158 1331 2208 facile

789 2227 1008 2291 transgrediendi
1034 2229 1147 2277 inerint:
1178 2231 1273 2294 itaque
1302 2229 1331 2276 in

790 2311 850 2345 eam
866 2299 1029 2347 sententiam
1043 2297 1173 2360 discedit,
1192 2305 1224 2347 ut
1235 2297 1330 2348 melius

790 2365 879 2430 egisse
890 2367 990 2417 Persas
1004 2367 1149 2430 existimet,
1161 2368 1183 2416 si
1197 2369 1232 2418 ad
1246 2367 1329 2418 aliurn

792 2449 856 2484 orae
877 2437 984 2487 Atticae
1013 2444 1121 2500 portum
1150 2437 1330 2502 appulissent,

790 2506 849 2554 sive
863 2505 988 2564 Prasias,
1010 2507 1068 2556 sire
1087 2507 1249 2556 Panerrnnm
1272 2507 1330 2557 sive

790 2573 918 2638 Sunium,
931 2576 1046 2639 indeque
1059 2577 1134 2624 reeta
1148 2577 1193 2625 viii
1208 2577 1329 2625 Athenas

789 2644 942 2707 petiissent.
978 2645 1056 2704 Quod
1079 2643 1113 2694 ad
1132 2659 1249 2709 pugnam
1267 2648 1327 2696 atti-

790 2719 851 2776 net,
873 2713 1019 2764 llossiusl.
1038 2713 1055 2762 l.
1075 2714 1138 2763 inde
1159 2715 1329 2778 potissimum

789 2783 903 2833 Graecis
922 2797 1032 2833 numero
1051 2784 1227 2848 paucioribus
1244 2786 1330 2836 vieto·

789 2854 858 2902 riam
872 2851 1003 2916 obtigisse
1014 2854 1127 2916 statuit,
1148 2855 1219 2918 quod
1231 2855 1328 2904 Persas

789 2923 816 2970 in
828 2924 928 2972 eastris
945 2923 1015 2972 inter
1028 2924 1148 2973 tentoria
1162 2939 1329 2973 commoran-

788 2997 829 3042 tes
848 2991 938 3042 subito
959 2992 1060 3042 inerint
1077 2995 1212 3058 aggressi,
1231 2994 1328 3043 Persas

788 3077 849 3112 mox
867 3061 909 3110 ait
925 3061 1008 3111 celeri
1023 3062 1104 3126 iuga,
1128 3063 1252 3112 omnibns
1269 3061 1331 3114 reli-

788 3131 853 3192 ctis,
879 3146 954 3180 mare
975 3133 1088 3196 petiisse
1110 3131 1227 3196 indeque
1248 3132 1329 3182 laeile

788 3201 905 3252 navibus
921 3207 1045 3251 servatos
1060 3217 1133 3262 esse,
1152 3217 1212 3251 eum
1225 3201 1269 3252 vel
1283 3201 1329 3251 ad·

788 3269 840 3320 huo
862 3285 948 3320 naves
974 3271 1058 3332 tales,
1086 3269 1182 3334 quales
1206 3279 1328 3321 veterum

789 3355 872 3391 naves
890 3341 976 3390 fuisse
993 3341 1131 3403 novimus,
1156 3342 1279 3404 proxime
1299 3339 1330 3388 li-

789 3416 832 3460 tus
845 3411 933 3475 ipsum
950 3411 1078 3460 accedere
1093 3411 1209 3472 possint.
1235 3410 1328 3473 Ipsum

789 3479 906 3545 deniqne
919 3495 1028 3545 pugnae
1046 3480 1132 3530 locum
1150 3480 1177 3528 in
1195 3494 1227 3529 ea
1243 3479 1328 3542 plani-

789 3551 837 3598 tiei
849 3555 928 3614 parte
938 3551 1027 3612 ponit,
1040 3564 1108 3615 quae
1120 3549 1257 3598 meridiem
1269 3563 1327 3597 ver·

789 3633 835 3668 sus
854 3620 1025 3684 potissimum
1045 3623 1167 3683 spectat,
1190 3616 1329 3667 ubiAthe-

789 3689 938 3750 niensium,
960 3689 1006 3753 qni
1025 3689 1213 3751 occubuerint,
1232 3687 1328 3736 tumuli

788 3763 908 3808 exstent:
924 3763 954 3807 tu
964 3758 1020 3810 vid.
1034 3773 1102 3824 quae
1115 3757 1194 3822 plura
1205 3757 1329 3823 exposui-

788 3843 846 3879 mus
864 3828 893 3878 in
907 3829 1031 3878 Excursu
1043 3829 1077 3878 ad
1094 3827 1120 3878 h.
1136 3827 1153 3877 l.

977 3997 1042 4049 cir.
1062 3999 1136 4049 CIII.

831 4097 981 4167 στρατηγοὶ
1006 4095 1085 4166 δέκα]
1115 4101 1229 4152 Athenis
1251 4102 1328 4150 nori-

788 4187 845 4222 mus
870 4188 967 4224 novem
991 4171 1165 4222 archontibus
1191 4171 1328 4235 proximos

786 4243 936 4292 accessisse
956 4241 1051 4291 ordine
1072 4257 1105 4291 ae
1129 4241 1263 4304 dignitate
1284 4239 1329 4288 de-

787 4326 844 4360 cena
872 4305 1046 4375 στρατηγοὺς
1073 4325 1088 4359 e
1116 4311 1208 4360 decern
1238 4307 1327 4370 phylis

786 4385 902 4432 creatos.
931 4381 1002 4430 llice
1014 4379 1067 4442 VI,
1087 4378 1135 4430 104
1149 4377 1195 4430 fin.
1208 4371 1330 4426 Μιλτιά-
