3038 4994
574 354 753 420 ERA'I'O.
775 357 829 418 v1.
853 364 897 420 tl.
1243 352 1305 418 299

124 533 306 622 οοδόστοῖν,
328 533 384 604 καὶ
398 537 555 613 Πυθίους
576 533 750 622 αἱρέεσθαι
771 529 833 601 δόο
855 529 1028 623 ἑκάτερον·
1065 537 1100 602 ol
1119 531 1157 602 δέ
1176 530 1307 602 Πόθιολ

173 647 235 712 εἰσι
249 637 436 727 θεοπρόποι
458 639 491 718 ἐς
505 634 679 725 Δελφοὺς,
702 634 888 724 σιτεόμενοι
901 634 982 725 μετὰ
1003 643 1073 707 τῶν
1086 639 1253 725 βασιλέων
1265 634 1306 704 τό

174 743 324 832 δημόσια.
357 738 401 830 μὴ
423 742 564 810 ἐλθοῦσι
585 740 623 809 δὲ
644 755 730 809 τοῖσι
750 744 925 827 βασιλεῦσι
940 741 994 810 ἐπὶ
1015 739 1053 810 τό
1068 745 1207 810 δεῖπνον
1220 737 1303 810 ἀπο-

173 851 365 935 πέμπεσθαί
383 864 445 932 σφι
465 846 499 924 ές
517 841 558 912 τὰ
578 849 667 914 οἰκία
688 841 841 930 ἀλφίτων
861 871 898 912 τε
917 843 978 914 δύο
999 851 1147 931 χοίνικας
1162 844 1305 935 ἑκατέρῳ
1359 855 1368 866 “

173 953 228 1020 καὶ
250 960 346 1020 οἴνου
375 944 538 1034 κοτύλην,
569 951 731 1036 παρεοῦσι
753 945 791 1014 δὲ
819 945 977 1034 διπλήσια
998 947 1107 1016 πάντα
1129 951 1305 1015 δίδοσθαι·

172 1051 281 1124 τόντό
303 1051 340 1122 δέ
354 1055 452 1120 τοῦτο
471 1051 527 1120 καὶ
547 1046 630 1138 πρὸς
654 1051 816 1119 ἰδιωτέων
831 1053 1017 1138 κληθέντας
1033 1051 1087 1120 ἐπὶ
1102 1056 1242 1122 δεῖπνον
1254 1077 1304 1118 τι·

172 1163 310 1264 μᾶσθαι..
342 1152 400 1234 τὰς
423 1154 459 1223 δὲ
486 1161 648 1242 μαντηΐας
670 1150 727 1233 τός
752 1156 929 1241 γινομένας
950 1153 1089 1235 τούτους
1109 1152 1306 1242 φυλάσσειν,

173 1358 267 1423 Neque
281 1371 346 1408 vero
360 1355 412 1406 bac
424 1355 453 1405 in
468 1369 496 1404 re
510 1355 543 1404 de
556 1353 655 1418 legatis
669 1369 717 1419 pu·

172 1427 243 1478 blice
258 1427 346 1478 missis
361 1425 481 1490 bospitio
495 1425 657 1489 recipiendis
674 1439 717 1474 εο-

172 1497 308 1548 lummodo
336 1497 437 1560 egitur,
464 1495 526 1550 sed.
554 1493 625 1559 qnod
647 1493 717 1544 bene

173 1569 265 1616 monet
276 1565 361 1616 Meier
373 1564 392 1616 l.
405 1565 441 1627 l.,
457 1563 490 1614 de
500 1564 535 1614 iis
548 1577 655 1628 quoque
672 1578 715 1627 pe·

173 1635 289 1700 regrinis
304 1635 421 1699 cogitari
440 1633 558 1698 poterit,
579 1633 626 1697 qul
642 1633 717 1695 Hye-

174 1705 337 1756 cintbiorum
346 1703 390 1756 uel
401 1701 665 1768 Gymuopeedierum
673 1701 717 1752 rel

174 1775 340 1826 Carneornm
359 1771 403 1824 vel
423 1772 538 1822 eliorum
556 1771 715 1824 solemnium

767 1347 971 1416 προσελέσθαι,
987 1345 1061 1419 olel
1075 1349 1123 1404 κοιλ
1134 1347 1246 1405 Πόθιοι
1259 1367 1307 1402 κα-

767 1420 897 1484 λοῦνται,
911 1424 958 1474 ubi
971 1425 1024 1475 vicl.
1036 1425 1146 1490 Sauppe
1157 1440 1220 1490 pag.
1232 1423 1265 1474 84
1279 1428 1306 1474 et

767 1494 801 1544 de
813 1494 971 1558 Pythiorum
991 1495 1154 1559 magistratu
1172 1493 1307 1544 disseren-

768 1569 821 1614 tem
835 1563 865 1614 (l.
879 1563 910 1614 O.
924 1563 1046 1614 Mueller.
1057 1564 1124 1626 Dor.
1139 1564 1176 1614 ll.
1190 1579 1251 1628 pug.
1266 1563 1307 1613 18.

768 1633 821 1695 Qui
847 1633 1025 1698 magistratus
1048 1633 1181 1698 pertinuit
1201 1632 1235 1682 ud
1254 1633 1308 1694 Py·

767 1703 836 1754 thici
853 1702 956 1754 oraculi
976 1703 1031 1752 vim
1049 1705 1077 1754 in
1098 1717 1189 1753 ornnes
1204 1703 1308 1752 Dorum

767 1788 810 1823 res
836 1787 869 1822 ee
893 1775 1039 1838 praecipue
1061 1774 1091 1822 in
1110 1772 1307 1837 Spartanorum

174 1859 258 1896 cause
276 1843 405 1908 Spartam
426 1843 567 1892 venissent
585 1841 664 1892 ludos
685 1845 716 1890 ut
765 1857 809 1892 res
822 1846 850 1893 et
862 1841 986 1907 publices
1000 1848 1028 1892 et
1044 1843 1183 1907 privates,
1205 1842 1307 1906 deque

175 1918 332 1979 spectarent
359 1912 610 1976 certaminibusque
638 1911 717 1962 ades·

174 1988 248 2036 sent:
279 1981 307 2032 bi
333 1982 416 2048 igitur
441 1997 533 2032 omnes
559 1987 588 2031 ut
612 1981 716 2045 recipe-

174 2057 276 2114 rentur,
291 2067 470 2116 proxenorum
484 2065 579 2102 munus
594 2056 667 2114 eret,
681 2050 715 2100 ab

174 2123 241 2187 ipsis
254 2123 372 2186 regibus,
386 2121 419 2172 etl
433 2137 501 2186 quos
511 2125 664 2172 exterarum
675 2135 717 2172 re-

174 2203 233 2242 rum
242 2192 360 2242 omniurn
370 2207 437 2242 cure
448 2190 613 2255 pertinebat,
627 2193 718 2240 trene-

174 2262 301 2322 missum,
324 2275 412 2325 neque
431 2260 485 2310 ullo
505 2260 584 2310 modo
604 2259 717 2310 coniun-

175 2335 248 2382 ctum
268 2345 329 2381 cnm
347 2345 380 2382 eu
397 2345 475 2392 curs,
494 2345 563 2394 quse
587 2329 622 2383 ad
638 2325 718 2391 ξενη-

175 2397 276 2449 λασίαν
296 2399 456 2464 spectabat,
481 2405 513 2450 ut
534 2398 605 2448 idern
627 2398 716 2448 Meier

175 2467 301 2534 (quocum
316 2470 396 2534 plene
410 2467 565 2532 consentio)
582 2473 656 2519 recte
671 2483 717 2518 no-

175 2540 255 2588 tavit.
295 2537 393 2590 Glosss
412 2539 569 2589 Herodotes
595 2537 676 2590 udh.
698 2536 716 2588 l.

169 2602 327 2670 πρόξενοι·
344 2601 374 2657 οἱ
382 2601 539 2668 προστάται
548 2599 659 2657 πόλεων
669 2601 716 2656 καὶ

175 2672 342 2742 φροντιοταὶ
360 2674 409 2727 καὶ
426 2673 524 2738 ξένους
543 2668 719 2740 ὑποδεχόμε-

176 2761 231 2796 νοι.
268 2749 317 2798 Gr.
331 2746 449 2799 conferri
468 2747 528 2796 vult
543 2745 718 2808 Boissonadii

102 2865 106 2876 ,
175 2817 325 2868 Comment.
344 2817 380 2866 ad
399 2816 539 2881 Inscriptt.
557 2817 663 2866 Δολίοιο.
681 2815 716 2866 ad

175 2885 279 2938 calcem
294 2887 386 2937 Holst.
399 2885 530 2950 Epistoll.
549 2903 575 2951 p.
591 2887 643 2937 440
658 2900 717 2949 seq.

175 2957 218 3006 Tu
227 2956 288 3008 edd
303 2956 447 3008 Weaterm.
461 2956 501 3006 De
512 2955 627 3020 publrec
637 2955 719 3006 Athe-

175 3025 277 3076 niense.
292 3023 433 3076 honoribb.
448 3023 667 3090 (Lips.1830)p.
683 3027 713 3074 44

176 3095 244 3145 etc.
261 3095 292 3143 F.
306 3095 458 3144 Hermann.
483 3094 590 3145 Grieclr.
609 3097 718 3146 Stsets-

103 3191 105 3196 ·
174 3162 330 3214 eltertbiim.
349 3167 375 3228 §.
391 3165 450 3216 tro.
468 3169 524 3214 not.
537 3165 552 3213 7
570 3163 612 3214 ed.
626 3168 717 3228 quart.

174 3233 308 3284 Herodoti
331 3233 402 3284 bunc
425 3232 513 3282 locum
533 3233 648 3284 Ullricb.
673 3232 718 3298 (de

175 3317 287 3368 proxen.
308 3319 332 3366 p.
348 3302 393 3367 49)
416 3317 522 3366 quoque
541 3301 649 3360 attulit,
671 3303 718 3352 ob·

175 3387 283 3424 scutum
299 3372 374 3422 illum
390 3371 514 3437 quidem,
538 3375 568 3421 ut
585 3370 718 3435 perhibet,

176 3447 203 3492 et
214 3442 332 3501 unicum,
344 3442 389 3506 qui
402 3456 456 3491 non
468 3455 527 3490 euru
540 3456 670 3501 normam,
682 3440 718 3492 ed

175 3525 257 3576 quem
273 3519 443 3562 coeterorum
462 3509 620 3575 populorum
636 3509 720 3562 Gree-

176 3596 268 3632 oorum
285 3581 457 3647 exigerentur
471 3580 599 3645 proxeni,
619 3595 718 3644 suppe-

176 3649 256 3701 ditet.

210 3714 258 3766 nul
280 3716 414 3774 Πυθίους
430 3711 579 3781 αλοέεσθιιι
599 3732 625 3768 κ.
642 3732 665 3768 τ.
681 3717 717 3784 λ.]

176 3785 283 3840 Retulit
299 3788 362 3839 bine
379 3788 535 3839 Timaeus
528 3804 555 3838 ιο
572 3789 637 3838 Lex.
655 3787 718 3838 Plu-

175 3861 233 3910 ton
249 3871 310 3922 pag.
321 3859 371 3907 227
381 3849 505 3936 (Πνθιοι
519 3847 546 3906 δ
559 3847 662 3936 ἄνδρες
676 3849 719 3906 αλ-

176 3921 252 4008 pstol
279 3919 356 3985 παρὰ
381 3919 528 3989 Λάκωσιν,
560 3918 614 3975 δόο
644 3919 716 3976 καθ’

175 3989 294 4045 ἕκαστον
310 3991 423 4056 βασιλέα
437 3990 589 4058 σύσσιτοι),
606 3996 652 4046 ubi
665 3998 718 4047 He-

175 4065 265 4116 rodoti
287 4065 364 4116 locus
387 4083 442 4116 non
461 4066 531 4130 fugit
549 4067 686 4116 doctum·
679 4081 718 4116 rn-

175 4139 330 4199 terpretem.
358 4134 718 4187 Adoesustnth.se1111.

175 4220 255 4269 pap·
250 4207 293 4266 55,
303 4207 371 4256 44ε.
381 4207 424 4264 42,
435 4205 583 4270 litemque
594 4204 717 4255 Photrum

175 4273 405 4327 elucidamus
415 4275 538 4340 Xenoph.
554 4275 597 4324 De
613 4273 716 4354 republ.

766 1911 882 1962 diximus
903 1911 936 1960 ed
953 1914 990 1974 V,
1005 1913 1049 1964 42.
1068 1911 1101 1963 63
1117 1927 1151 1962 ec
1168 1910 1247 1976 plura
1263 1925 1308 1960 ex·

767 1981 865 2032 citavit
890 1981 920 2030 C.
946 1981 978 2030 F.
1006 1982 1162 2031 Hermann:
1199 1979 1308 2032 Grieoh.

766 2048 1019 2102 Steatseltorthiim.
1038 2055 1061 2112 ξ.
1076 2051 1118 2102 23.
1135 2055 1193 2100 not.
1208 2051 1246 2100 ll.
1264 2049 1307 2100 οδ.

768 2123 858 2184 quart.
894 2118 1013 2170 Oraoula
1030 2120 1102 2170 euim
1116 2121 1168 2169 rite
1180 2119 1307 2183 Spartam

767 2189 803 2240 ed
816 2203 894 2253 reges
907 2189 1040 2252 perferre,
1063 2203 1220 2253 omnemque
1238 2203 1306 2250 eam,

767 2273 837 2324 quse
861 2257 1005 2322 Spartanis
1028 2273 1089 2308 cum
1114 2257 1224 2309 orecnlo
1245 2255 1308 2306 Del-

767 2328 845 2394 phico
862 2327 1031 2389 intercessit,
1054 2328 1188 2378 rationem
1210 2325 1309 2376 erotis·

768 2400 834 2449 sime
847 2399 918 2448 tueri
931 2397 1092 2462 Pythiorum
1106 2402 1179 2460 eret,
1195 2409 1308 2461 quornm

766 2468 830 2518 hinc
844 2481 949 2518 summe
962 2467 1080 2530 dignitas
1091 2472 1174 2532 atque
1188 2465 1309 2516 unctori-

766 2543 824 2600 tss,
851 2551 905 2602 que
928 2552 1020 2602 regum
1041 2541 1133 2588 essent
1157 2549 1309 2587 assessores

767 2613 851 2671 utque
873 2607 1083 2658 contubernales
1108 2611 1136 2658 et
1157 2607 1308 2671 proximum

768 2678 836 2728 adeo
853 2677 998 2728 secundum
1015 2677 1077 2728 illos
1090 2677 1178 2728 locum
1192 2689 1309 2740 occupe-

768 2750 838 2798 rent.
873 2747 946 2808 Quin
966 2747 1053 2810 ipsius
1073 2747 1198 2812 gernsiee
1218 2759 1309 2795 assas-

768 2831 844 2866 sores
861 2816 945 2868 fuisse
963 2815 1076 2868 eOieer.
1091 2818 1133 2868 De
1151 2816 1265 2868 divinet.
1285 2813 1309 2874 Ι,

767 2887 801 2938 43
815 2885 927 2964 quictem
943 2885 1085 2966 colligunt.

804 2948 960 3034 σιτεόμενοι
974 2950 1042 3018 perci
1056 2952 1264 3016 τιᾶνθασιλέων
1276 2944 1312 3002 roi

768 3017 1060 3090 δημόσια]οοοέοτλῦ.
1069 3025 1101 3078 0.
1110 3025 1232 3076 Mueller.
1241 3025 1309 3074 Dor.

767 3097 804 3146 11.
821 3111 883 3160 peg
901 3095 1135 3146 105Homcricum
1155 3085 1244 3159 δήμια
1265 3091 1311 3142 πέ-

769 3179 830 3214 νειν
847 3164 926 3215 Ilied.
946 3165 1036 3216 XVII.
1056 3179 1097 3214 vs.
1111 3165 1162 3216 250
1177 3165 1258 3229 idque
1270 3177 1311 3213 re·

768 3235 822 3284 lert
834 3235 868 3283 ed
885 3233 981 3298 epulus
994 3235 1134 3315 publices,
1158 3233 1311 3298 sumptibus

769 3302 885 3368 publicis
898 3303 1004 3366 erogari
1020 3303 1138 3354 solitus
1130 3321 1159 3354 rn
1170 3304 1249 3354 iestis
1263 3318 1312 3367 pu·

768 3372 858 3422 blicis.
893 3372 997 3434 Quibus
1018 3378 1193 3438 opponuntur
1209 3388 1242 3422 τα
1232 3365 1312 3422 δει·

768 3456 841 3504 τινα,
863 3456 933 3506 quae
947 3442 1126 3508 privatorum
1128 3448 1192 3494 sunt
1203 3441 1311 3508 epulae,

769 3511 828 3563 sive
845 3509 988 3570 συσσίτια,
1009 3511 1176 3577 singularum
1189 3513 1311 3579 gentium

770 3597 792 3630 s.
805 3579 969 3630 lumiliurum
984 3580 1094 3644 epulae,
1108 3583 1201 3633 eodem
1220 3582 1312 3634 obser-

769 3653 852 3701 vante
865 3648 1025 3704 Muellerol
1039 3651 1197 3717 lpeg.106
1210 3656 1263 3702 not.
1277 3678 1310 3687 -

770 3717 854 3769 olvov
870 3711 974 3782 κοτόλη
988 3721 1013 3770 si
1026 3669 1125 3772 Attlijoa
1130 3721 1310 3787 intelligetur,

770 3788 947 3840 dimidium·
924 3805 981 3840 erus
995 3806 1137 3842 mensurae
1146 3807 1246 3854 ,ouem
1262 3807 1312 3842 nos

770 3859 900 3922 Seloppen
925 3875 1071 3923 vocemus,
1101 3861 1249 3925 significari
1278 3876 1312 3911 ex

769 3930 813 3989 iis,
825 3945 896 3993 quse
908 3945 990 3992 supra
1005 3931 1172 3993 monuimus,
1187 3935 1311 3995 apparet.

771 3966 860 4061 Quare
892 3999 978 4049 metor
1011 4001 1143 4084 quaedem
1175 4013 1311 4060 mensure,

771 4067 859 4133 qualis
887 4067 957 4132 epud
975 4069 1130 4121 Lacones'
1122 4085 1150 4118 rn
1175 4071 1311 4130 uenerat,

770 4137 842 4188 beutl
855 4139 913 4188 scio
930 4153 966 4186 an
979 4139 1111 4218 intelligi
1110 4139 1217 4189 debent.

804 4197 854 4262 τοὶς
873 4199 904 4255 δε
922 4203 1062 4288 μοντηλας
1080 4199 1130 4264 τοὶς
1148 4205 1311 4272 γινομένοις]

769 4275 858 4340 Supre
874 4275 910 4326 11.
925 4276 968 4328 57.
985 4277 1019 4329 83
1038 4295 1056 4340 η
1047 4268 1195 4339 μαντηΐη
1210 4280 1252 4327 est
1269 4292 1312 4326 rs-

112 4368 118 4382 ·
174 4343 294 4394 Lacedd.
315 4344 379 4406 XV,
394 4347 424 4395 b:
442 4335 581 4424 ,έδοικεδ
599 4359 635 4394 αν
651 4345 717 4426 (Ly
768 4344 966 4396 tioorscules.
977 4344 1227 4398 vsticinisedendi.
1249 4347 1311 4399 Hoc

175 4413 287 4479 curgus)
300 4409 347 4462 καλ
359 4407 518 4479 ονοκήνονς
528 4409 581 4464 δόο
596 4402 717 4482 ἑκατέρῳ
768 4419 860 4466 nutem
869 4414 950 4466 loco
942 4430 1004 4480 rpsu
1017 4417 1172 4468 indicentur
1182 4419 1311 4482 οαλίιέαίο,
