2988 4976
195 263 257 330 182
626 254 895 317 HERODOTI

195 439 239 530 δὴ
260 438 315 508 καὶ
340 437 482 525 ἐγένετο.
517 434 656 502 ἐλθοῦσι
685 429 722 500 tt
744 431 799 498 καὶ
823 429 1022 518 διζημένοισι
1042 425 1171 498 αὐτοῖσι
1197 425 1242 511 ὡς
1265 427 1331 500 οὐκ

196 551 372 634 ἐφαίνετο,
392 537 506 610 ἐδόκεε
524 534 814 619 ἀπαλλάσσεσθαι,
839 535 895 602 καὶ
916 533 1027 619 λέγειν
1047 531 1128 620 πρὸς
1147 532 1225 613 τοὺς
1245 532 1328 604 ἀπο-

198 651 409 738 πέμψαντας,
433 637 477 722 ὦς
497 640 605 710 πάντα
626 639 815 726 ποιήσειαν,
843 634 883 706 τοὶ
903 639 1026 705 ἐκεῖνοι
1047 639 1263 706 ἐνετείλαντο.
1298 642 1334 706 οἱ

198 755 261 846 μὲν
280 749 322 838 δὴ
341 745 547 826 ἆπείθόντες
568 751 684 830 ἔλεγον
701 746 815 810 ταῦτα.
853 737 1004 808 Ἠετίωνι
1026 739 1063 809 dh
1087 738 1168 828 μετὰ
1187 736 1332 836 ταῦταὸ

199 871 277 934 παῖς
299 851 476 937 αὐξάνετο·
507 855 566 918 καί
585 853 620 916 ol
637 843 839 932 διαφυγόντι
865 848 985 912 τοῦτον
1005 839 1064 912 τὸν
1084 850 1247 913 κίνδυνον
1264 841 1331 912 ἀπὸ

197 967 256 1050 τῆς
270 961 417 1045 κυψέλης
434 956 631 1042 ἐπωνυμίην
646 949 797 1030 Κύψελος
811 943 936 1035 οὕνομα
951 949 1060 1032 ἐτέθη.
1104 944 1331 1034 Ἀνδρωθέντι

200 1067 237 1138 δέ
260 1063 315 1133 καί
334 1060 571 1151 μαντευομένῳ
590 1056 736 1146 Κυψέλῳ
762 1053 892 1138 ἐγένετο
912 1047 1109 1138 ἀμφιδέξιον
1131 1049 1332 1138 χρηστήριον

201 1175 239 1243 ἐν
258 1175 442 1254 Δελφοῖσι,
471 1168 516 1255 τῳ
539 1167 679 1236 πίσυνος
707 1155 885 1245 γενόμενος
908 1154 1101 1242 ἐπεχείρησέ
1123 1156 1235 1222 τεκαὶ
1256 1159 1331 1240 ἔσχε

201 1273 387 1362 Κόρινθον.
415 1263 433 1336 ὁ
448 1265 485 1334 dl
499 1259 644 1350 χρησμὸς
659 1257 717 1326 ὅδε
731 1251 788 1348 ἦν·

201 1468 418 1525 Bacchiedsrum
439 1465 520 1524 gente
544 1457 662 1506 nobilem
683 1473 743 1507 oum
794 1459 836 1509 Ad
855 1457 938 1509 verbe
956 1469 1031 1519 seqq.
1052 1441 1216 1518 ἐπωνυμίην
1236 1448 1332 1519 Krios.

200 1539 274 1592 Iside
289 1535 415 1584 luctuose
428 1535 455 1578 et
468 1528 608 1577 deficiente
622 1527 743 1592 adeoque
794 1528 843 1585 λος
855 1517 964 1586 οὔνομα
975 1514 1059 1585 ἐτέθη
1073 1522 1110 1576 ef.
1126 1524 1178 1586 IV,
1195 1525 1240 1576 181
1258 1531 1285 1576 et
1300 1525 1333 1577 de

202 1603 303 1658 claude
316 1601 346 1664 (i.
358 1617 382 1652 e.
398 1606 472 1646 terre
486 1601 627 1646 arescente
643 1602 669 1644 et
681 1612 744 1645 con·
795 1613 862 1648 voce
875 1587 1038 1656 ἐπωνυμίην
1055 1594 1094 1654 V,
1110 1593 1153 1644 liti.
1186 1596 1253 1645 Inde
1266 1598 1335 1646 Kor-

202 1675 327 1730 tristute,
341 1669 377 1718 ct.
393 1664 532 1716 Plutarch.
548 1667 585 1716 11.
605 1681 666 1730 pag.
682 1665 742 1728 eoo,

203 1759 264 1812 pag.
276 1737 327 1788 499
339 1733 544 1798 Wyttenbseh.)
557 1741 742 1799 compararet:

202 1807 343 1880 parvulum
357 1809 447 1854 sutem
458 1804 576 1856 eiusdem
587 1811 693 1856 erectae
704 1805 745 1853 in-

202 1879 273 1934 dolis
292 1874 379 1938 etqui
394 1875 536 1938 expeditus
555 1892 569 1926 e
585 1875 745 1925 discrimini-

202 1954 253 2004 bus
274 1945 375 1996 virtute
392 1958 442 1992 rus
461 1959 537 1994 suem
551 1951 664 1995 matrem
679 1943 745 1993 insi-

202 2031 281 2086 gnem
304 2013 414 2074 iecerit,
440 2011 536 2064 Osiridr'
557 2018 615 2066 sive
635 2013 743 2075 Bocche,

203 2097 343 2148 tamquam
359 2079 421 2142 Soli,
438 2097 471 2131 ex
486 2098 566 2135 erese
582 2084 701 2134 tenebris
716 2083 744 2132 in

203 2161 290 2210 lucem
304 2147 407 2201 enixo?
432 2151 468 2200 Et
488 2153 582 2217 quidni
600 2154 691 2218 potuit
706 2157 745 2201 et-

204 2231 259 2278 iem
272 2220 432 2284 religionum
443 2225 527 2272 crusti
539 2239 599 2273 eum
611 2222 744 2287 Cypselus

204 2303 261 2348 tum
280 2289 487 2353 Cypselidsrum
510 2293 624 2356 quilibet
646 2307 744 2356 pueru-

204 2369 246 2419 lus
266 2361 294 2409 in
314 2358 418 2408 Beccbi
436 2360 589 2413 Osiridisve
608 2377 673 2411 erce
692 2361 745 2409 rite

128 2457 132 2464 ·
205 2427 350 2496 aliquando
372 2429 486 2493 deponi,
509 2432 669 2494 praesertim
685 2445 746 2480 cum

204 2521 237 2556 ex
250 2497 476 2550 antecedentibus
495 2505 641 2565 sppsreet,
662 2515 745 2550 cuns-

203 2571 267 2626 bule
287 2567 422 2616 intentum
444 2584 460 2617 e
478 2571 574 2632 priscis
593 2569 745 2620 hominibus

204 2657 264 2696 eum
280 2651 346 2686 erce
361 2636 408 2686 ille
422 2637 528 2688 funebri
546 2656 593 2704 per
607 2637 747 2702 significe-

205 2715 306 2765 tionem
316 2708 470 2770 composite
479 2723 538 2758 esse
547 2709 583 2758 ?“
599 2708 684 2758 Plene
695 2707 746 2756 nli-

204 2789 246 2835 εει·
268 2777 302 2826 de
325 2774 368 2825 his
395 2778 494 2826 statuit
517 2777 549 2828 Δ.
576 2776 691 2828 Schoell.
717 2778 745 2825 in

204 2845 406 2905 Schneidewini
424 2845 557 2911 Philolog.
570 2848 603 2897 X.
624 2862 687 2911 pag.
701 2846 745 2905 48,

204 2922 261 2988 qui,
276 2917 392 2968 coeteris
406 2916 548 2977 missis,ex
561 2915 745 2980 ipsoCyprclo

204 2996 232 3044 in
242 2985 414 3040 Beoohiedes
425 2989 566 3036 saeviente
575 2985 646 3034 benc
659 2990 745 3034 totam

206 3058 326 3112 lebulsm
339 3056 371 3106 de
384 3072 450 3106 erce
467 3055 609 3120 postmodo
626 3055 744 3104 effictam

205 3146 264 3184 esse
278 3130 370 3192 putst,
386 3142 438 3191 quc
450 3125 618 3177 inevitabilis
640 3124 690 3173 tati
703 3125 745 3174 vis

206 3207 233 3255 et
252 3203 352 3249 nature
371 3197 506 3263 insignem
532 3197 560 3246 in
574 3195 682 3246 modum
699 3211 745 3244 co-

208 3269 394 3340 gnosceretur.

239 3330 273 3387 ui
286 3327 322 3399 δὴ
336 3332 384 3384 καί
402 3327 522 3400 ἐγένετο]
548 3336 625 3397 Quod
639 3349 671 3384 ex
684 3332 744 3383 Ald.

205 3404 746 3470 etFloront.librorecepersutSchweig-

205 3481 299 3531 hecus.
322 3481 349 3524 et
362 3475 450 3527 Getes.
467 3465 588 3538 ἐγένετο,
608 3490 668 3525 cum
685 3472 748 3523 reli-

208 3548 268 3614 quis
283 3544 343 3595 edd.
359 3547 463 3595 mutavi
477 3546 505 3594 in
521 3545 565 3608 id,
586 3543 657 3609 quod
671 3544 747 3606 prius

205 3618 347 3681 legebatur
360 3605 436 3678 ἐμέν
447 3627 516 3676 ero,
531 3614 602 3679 quod
615 3613 683 3662 idem
692 3613 747 3662 No-

206 3693 261 3739 ster
279 3684 372 3749 posnit
395 3683 489 3734 eedem
515 3684 543 3732 in
564 3683 702 3733 locutione
722 3683 747 3742 1,

205 3758 254 3815 22,
268 3754 314 3804 ubi
326 3752 382 3808 vid.
401 3758 472 3805 nott.
498 3755 534 3803 Et
553 3753 624 3805 conl.
641 3767 747 3818 quoque

208 3827 261 3887 ΙΙΙ,
276 3821 314 3874 16.

445 3927 469 3987 ς.
488 3925 514 3976 e.

241 4016 256 4076 ri
272 4024 340 4082 παῖς
353 4015 502 4092 uillelmo]
523 4027 575 4076 Pro
589 4019 658 4081 πάϊς
671 4039 749 4075 revo-

206 4095 268 4148 oevi
282 4093 359 4156 παῖς,
375 4100 405 4144 ut
420 4110 503 4160 supro
515 4097 548 4158 V,
562 4094 605 4148 30.
631 4096 684 4144 Pro
698 4085 748 4142 αὐ-

209 4158 323 4228 ξάντεο,
337 4164 408 4229 quod
420 4181 502 4215 unum
516 4181 608 4215 verum
628 4178 688 4213 esse
702 4163 748 4213 do·

206 4236 263 4287 cuit
274 4233 388 4284 Bredov.
400 4249 464 4300 pag.
478 4235 538 4296 310,
551 4233 622 4284 mele
637 4233 748 4296 quidem

207 4303 284 4358 codd.
301 4295 457 4366 ηὐξάνετο.
480 4304 551 4364 ct1,
562 4304 606 4356 58.
624 4303 670 4366 vl,
688 4301 747 4354 132.

794 1669 853 1716 tiim
866 1666 884 1714 l.
900 1679 961 1712 mor
970 1663 986 1712 l.
1000 1677 1096 1712 nomen
1108 1661 1218 1725 Cypseli
1229 1681 1336 1730 germe-

794 1737 855 1786 nicc
874 1731 952 1784 reddi
968 1731 1039 1783 vult:
1061 1732 1180 1796 Kietner,
1203 1735 1333 1786 Dunclrer

796 1804 905 1871 (Gosch.
923 1802 948 1850 d.
961 1801 1076 1852 Alterth.
1086 1802 1133 1854 IV.
1149 1817 1174 1866 p.
1187 1804 1214 1866 8)
1229 1805 1333 1856 reddit:

796 1877 952 1925 Lademonn.
974 1871 1026 1922 Pro
1037 1868 1233 1938 μαντευομένῳ
1245 1875 1334 1938 plures

795 1935 1333 2009 codd.npunrops'vm,quodWesselingio

796 2030 850 2063 non
860 2011 1011 2075 displicuit,
1022 2010 1276 2075 Schweighaeusero
1287 2029 1336 2063 su-

796 2088 850 2133 tem
864 2081 1000 2146 glossema
1011 2082 1129 2132 videtur.
1143 2109 1174 2118 -
1188 2073 1336 2146 ἀμφιδέξι-

795 2166 830 2200 ον
852 2144 1025 2214 ηρηστήοιον
1049 2149 1186 2201 oraculum
1210 2168 1269 2202 esee
1289 2169 1336 2202 arr·

795 2237 869 2284 seps,
885 2221 1028 2284 arubipuum,
1050 2223 1125 2270 recte
1146 2224 1249 2271 monuit
1267 2223 1335 2272 Ler-

796 2291 885 2352 oben,
909 2292 998 2340 citans
1015 2288 1176 2341 Valckcuer.
1196 2293 1231 2342 od
1242 2293 1335 2357 Eurip.

796 2359 907 2423 Hippol.
927 2375 989 2425 peg.
1005 2361 1065 2421 stt,
1080 2359 1143 2410 slis,

831 2421 994 2492 ἐπεχείρησέ
1007 2423 1091 2477 renel
1105 2421 1165 2493 ἐσχε
1174 2422 1333 2495 Κόρινθον]

797 2500 857 2560 Quo
871 2503 952 2562 pecto
966 2497 1098 2564 Cypselus
1114 2514 1197 2564 regno
1215 2500 1251 2548 sit
1264 2499 1336 2564 poti-

797 2574 852 2628 tus,
865 2572 939 2617 tecet
953 2569 1116 2618 Herodotus.
1147 2569 1200 2619 Sed
1215 2568 1337 2632 pluribus

796 2638 863 2688 baec
890 2639 1065 2703 persequitur
1086 2638 1216 2712 Nicqlsus
1236 2639 1337 2688 Deme-

797 2721 910 2758 scenusr
932 2723 984 2772 quo
999 2713 1111 2758 auctore
1126 2707 1258 2772 Cypselus
1276 2724 1338 2758 ore-

797 2777 886 2826 culom
907 2782 1004 2828 nectus
1023 2778 1079 2828 suis
1099 2778 1221 2828 consiliis
1243 2783 1339 2842 aptum

798 2840 1019 2911 (συμφέρουσαν
1044 2842 1197 2910 δεξάμενος
1221 2840 1338 2910 Φήμην)

798 2915 871 2965 nulle
888 2917 1033 2967 interiecta
1046 2920 1121 2967 mord
1133 2916 1291 2968 Corinthum
1307 2932 1337 2966 se

797 2986 900 3049 recepit
927 2991 1010 3051 etque
1033 2987 1110 3036 brevi
1130 2987 1235 3037 civibus
1258 2987 1339 3036 valde

797 3063 892 3118 gratus
906 3057 1026 3118 exstitit,
1043 3060 1075 3106 ut
1093 3059 1140 3122 qni
1159 3057 1253 3116 fortis,
1275 3072 1338 3122 prn-

797 3125 863 3173 dens
887 3139 920 3174 sc
949 3125 1089 3189 populeris
1112 3127 1250 3176 videretur
1272 3141 1340 3191 prae

797 3194 914 3244 caeteris
943 3195 1104 3260 Bacchidis,
1135 3195 1259 3261 superbis
1285 3195 1339 3246 illis

799 3262 906 3327 quidem
924 3268 951 3314 et
963 3265 1100 3316 violentis.
1132 3266 1189 3314 lem
1207 3265 1342 3329 polomor-

798 3333 840 3381 cbi
852 3348 961 3384 munere
971 3339 1085 3398 eccepto
1097 3340 1124 3386 et
1134 3336 1162 3384 in
1168 3335 1267 3385 civium
1277 3351 1341 3400 gre-

799 3405 866 3450 tiam
888 3403 1079 3454 cdminietreto
1104 3403 1198 3469 populi
1220 3419 1341 3456 amorem

798 3470 842 3521 vel
870 3473 958 3536 magis
982 3473 1035 3524 sibi
1061 3475 1233 3525 conciliavit:
1260 3490 1340 3538 quern

799 3555 860 3590 cum
874 3541 1057 3594 intellexisset
1072 3545 1162 3594 enimc
1177 3543 1341 3594 Becobiedis

799 3609 907 3661 intenso
920 3628 990 3670 csse,
1002 3613 1097 3663 ducem
1110 3613 1172 3664 huic
1182 3629 1210 3664 se
1222 3613 1342 3677 praebu-

799 3681 823 3730 it
839 3684 922 3744 etque
939 3697 1003 3745 rege
1019 3683 1182 3748 Hippoclide
1195 3682 1341 3732 interiecto

801 3751 828 3798 in
844 3749 902 3800 eius
915 3749 1002 3801 locum
1015 3757 1124 3804 orestus
1141 3757 1193 3812 est,
1207 3751 1342 3802 Bacchis-

800 3819 888 3869 disin
907 3821 1016 3871 exilium
1036 3824 1136 3876 missis.
1175 3823 1215 3872 ne
1232 3821 1343 3871 videtur

799 3904 866 3938 sanc
878 3888 1016 3954 Cypselus,
1030 3893 1095 3942 utin
1106 3891 1258 3942 huiusmodi
1269 3893 1342 3955 opti-

799 3959 912 4008 matium
931 3961 1044 4025 imperio
1063 3961 1120 4012 fieri
1143 3961 1226 4023 solet,
1253 3961 1343 4024 plebis

800 4027 972 4092 potissimum
990 4046 1042 4094 ope
1059 4030 1229 4081 Bocchicdss
1246 4032 1343 4080 eiecis-

800 4114 839 4158 se,
857 4097 966 4148 luxaris
980 4104 1007 4149 et
1019 4101 1147 4164 superbit
1157 4115 1267 4160 exosos3
1281 4101 1342 4164 qui-

800 4166 851 4216 bus
864 4166 969 4218 demum
982 4169 1068 4234 pulsis
1078 4175 1106 4220 et
1119 4169 1249 4220 Corintho
1263 4169 1344 4220 oede-

799 4252 829 4286 re
838 4239 942 4287 conctis
956 4239 1002 4288 ille
1011 4240 1118 4289 exstitit
1130 4245 1272 4304 tyrannus.
1298 4238 1339 4288 cf.

800 4305 829 4356 C.
848 4305 880 4358 0.
896 4307 1018 4360 Mueller.
1033 4309 1099 4359 Dor.
1113 4309 1135 4360 Ι.
1155 4325 1182 4375 p.
1197 4307 1255 4362 164.
1286 4307 1343 4370 Qui

1457 420 1462 475 l
