3062 4986
190 394 192 400 ι
214 355 276 420 500

648 351 909 416 ΙΙΕΙΙΟΙΙΟΙἸ

166 525 205 588 35
214 531 271 598 καὶ
293 531 436 598 διέλυσε.
472 522 528 606 Ὡς
549 523 582 596 δ’
605 526 750 596 ἐπύθετο
769 529 908 613 Ξέρξης,
933 523 1028 594 dranci
1049 523 1262 614 ποιεύμενος,
1285 521 1348 595 τὸν

208 629 452 723 Ἑλλήσποντον
475 633 609 700 ἐκέλευε
636 637 826 720 τριηκοσίας
854 632 1029 698 ἐπικέσθαι
1058 629 1192 717 μάστιγι
1217 627 1348 717 πληγάς

386 830 451 886 Gar.
470 831 580 882 XXXV.

247 925 327 982 δεινὰ
346 925 526 998 ποιεύμενος]
550 935 592 984 De
613 932 752 982 locutione

212 1003 285 1054 conf.
303 1007 372 1053 nott.
386 1003 421 1052 ad
434 1003 486 1065 ΙΙΙ,
497 1003 528 1053 14
540 1007 568 1052 et
578 1004 609 1062 V,
622 1001 664 1052 ³3.
689 1003 752 1052 hlox

212 1087 273 1123 cnm
293 1071 443 1136 Schweigh.
463 1079 491 1122 et
507 1073 595 1126 Gaisf.
616 1072 678 1122 dedi
697 1064 754 1120 ἐκέ-

211 1143 287 1202 λευε,
306 1143 336 1192 'ut
348 1142 522 1192 Florentinus
541 1141 663 1206 alterque
674 1141 753 1191 Pari-

211 1213 287 1261 sinus
309 1212 394 1260 codex
418 1212 597 1276 suggerebat,
625 1227 674 1275 pro
696 1202 752 1259 ἐκέ-

211 1281 321 1342 lacos,
334 1281 405 1345 quod
417 1281 524 1331 Behher
535 1282 658 1342 retinuit,
672 1295 751 1345 quern

212 1355 326 1400 recenti.
344 1350 404 1399 edd.
419 1355 576 1415 sequuntur.
610 1351 663 1400 Sed
679 1349 751 1399 infra

212 1434 318 1484 quoque
338 1421 439 1470 Noster
466 1421 625 1485 imperfecto
649 1412 753 1469 ἐνετέλ-

211 1487 273 1538 lero
288 1503 353 1538 usus
369 1493 420 1538 est.

252 1548 403 1607 ἐπικέσθαι
419 1547 529 1621 μάστιγι
548 1549 667 1620 πληγὰς]
697 1557 751 1606 Ρτο

211 1618 361 1677 ἐπικέσθαι
385 1626 440 1691 legi
463 1642 567 1693 quoqne
590 1642 670 1692 posse
695 1616 752 1674 ἐπι-

211 1691 327 1746 κέεσθαι
341 1695 502 1761 Sylbnrgius
521 1701 704 1746 adnotaverat
717 1693 753 1744 ad

212 1767 331 1817 Brisson.
339 1767 381 1816 De
390 1765 529 1831 reg.Pers.
538 1767 652 1830 princip.
662 1766 697 1827 ΙΙ,
709 1763 751 1814 73.

213 1853 240 1901 p.
253 1835 317 1896 753;
342 1825 498 1884 ἐπιθέσθαι
513 1836 647 1886 maluerat
658 1836 750 1884 Panw.

211 1905 305 1967 Valla,
321 1919 400 1968 quem
411 1903 509 1968 reliqui
522 1908 610 1956 secuti
621 1909 684 1955 sunt
697 1903 752 1954 edi·

211 1980 301 2035 tores,
312 1975 409 2024 Latine
418 1974 536 2025 reddidit
545 1977 635 2039 infligi,-
646 1973 681 2023 ad
693 1987 753 2022 sen·

213 2059 272 2094 aum
286 2043 392 2108 quidem
407 2049 494 2105 recte,
514 2049 544 2092 nt
557 2043 606 2094 alii
619 2043 674 2093 loci
689 2043 752 2104 Vll,

212 2113 246 2163 54
259 2120 286 2162 et
296 2113 375 2174 Vlll,
389 2113 436 2164 109
450 2112 508 2176 (ubi
519 2109 690 2176 μαστιγῶσαι
702 2102 753 2160 τὸν

205 2175 594 2245 Ἑλλήσποντονμιιοοοτνοοτ.
612 2184 648 2233 At
660 2195 757 2244 vereor,

212 2252 336 2316 equidem
357 2266 534 2316 magnopere.
555 2259 586 2302 nt
602 2243 753 2315 ἐφικέσθαι

213 2321 325 2372 eandem
345 2323 533 2386 perstringendi
555 2337 576 2373 s.
597 2321 755 2386 percutiendi

212 2390 314 2440 habeat
336 2391 560 2455 significationem
586 2397 671 2455 atque
696 2405 754 2439 rer·

212 2461 276 2510 bum
295 2454 486 2520 καθικέσθαι,
506 2475 593 2524 neque
613 2459 665 2509 huc
681 2457 753 2508 trahi

211 2544 293 2595 posse
318 2528 427 2580 credam
456 2529 579 2579 Platonis
606 2530 694 2579 locum
724 2529 753 2576 in

212 2599 295 2663 Hipp.
311 2600 374 2648 mai.
390 2613 417 2662 p.
434 2597 523 2649 taus.
541 2613 627 2664 neque
640 2597 752 2647 Homeri

212 2667 377 2718 versicuhrm
395 2666 438 2719 lli.
453 2668 489 2726 V,
507 2668 565 2717 748.
598 2667 666 2717 Mihi
684 2665 753 2715 iaci-

211 2737 264 2786 lior
285 2737 393 2786 videtur
405 2733 580 2786 Valckenarii
600 2736 685 2794 ratio,
707 2751 752 2784 es-

212 2804 356 2870 plicantis:
369 2797 415 2854 tut
424 2795 687 2868 τὸνἙΙίήσπσντον
697 2794 753 2851 ἐκέ-

212 2873 286 2922 λενσε
312 2870 475 2935 τριηκοσίας
499 2865 613 2922 ἱκέσθαι
639 2865 750 2936 μάστιγι

212 2935 328 3006 πληγάς.
353 2943 388 2991 Bt
399 2941 492 2991 confer
501 2943 540 2991 ais
549 2957 633 3007 supra
642 2943 706 3004 Vll,
717 2943 748 2992 u:

212 3005 239 3067 ἐς
264 3005 298 3059 τὰ
319 3003 388 3059 ἄλλα
414 3005 501 3073 λέγων
528 3000 622 3060 ἐπίκεο
646 3001 750 3074 ἀληθέ-

213 3093 309 3130 σταταε
320 3097 430 3130 sernrone
442 3089 483 3131 tuo
493 3096 574 3130 verum
583 3097 630 3131 ocu
638 3082 748 3146 tetigisti.

210 3149 278 3202 Inde
293 3151 450 3213 percutiendi
463 3155 491 3201 et
509 3150 623 3202 feriendi
637 3153 749 3201 notione

211 3221 322 3270 verbum
337 3211 484 3270 ἐπικέσθαι
496 3220 590 3271 addito
601 3221 696 3272 dativo
705 3235 750 3270 ae-

211 3289 267 3354 cipi
278 3289 337 3339 vult
348 3289 476 3340 Kuehner
489 3290 535 3341 Gr.
551 3291 597 3341 ur.
611 3294 635 3354 5.
645 3289 710 3346 558.
721 3289 746 3339 b.

210 3359 302 3422 Ipsum
313 3374 375 3409 vero
386 3360 482 3410 Xerxis
495 3359 618 3422 facinus,
632 3375 685 3424 quo
696 3361 750 3408 ira-

210 3433 256 3478 tus
271 3431 297 3477 in
311 3444 385 3480 mare
403 3430 536 3480 saeviisse
555 3429 642 3479 fertur
661 3429 750 3494 dagol-

210 3497 245 3546 lis
261 3503 289 3546 et
307 3499 481 3562 compedibus
499 3498 637 3560 demissis,
659 3499 750 3563 plures

210 3572 332 3617 veterum
350 3575 594 3618 commemorarunt
611 3584 628 3618 a
646 3568 752 3618 Brisso-

212 3638 257 3686 nio
271 3637 313 3688 De
333 3653 387 3702 reg.
406 3639 495 3688 Peras.
511 3639 622 3702 princip.
639 3638 696 3698 ΙΙΙ,
716 3637 749 3688 73

212 3706 303 3756 acciti.
339 3706 417 3767 Quod
439 3723 456 3756 a
475 3708 587 3757 Graecis
604 3706 749 3756 confictum

211 3775 751 3839 essesuspicaturValchenar.enmStsn·

211 3845 255 3897 lei.
271 3845 305 3896 ud
317 3843 444 3908 Aeschyli
456 3846 546 3898 Peras.
556 3847 621 3906 752,
635 3861 696 3896 cum
708 3847 750 3894 irs

210 3915 283 3980 regis
300 3915 334 3964 oh
346 3923 454 3979 pontem
466 3917 637 3979 tempestatis
651 3916 679 3964 vi
696 3915 750 3965 dis·

211 3987 312 4036 lectum
332 3984 513 4049 Aeschyliquo
533 3985 616 4034 verba
636 3984 749 4034 ,lthcnis

212 4055 358 4106 decantata
371 4053 479 4105 facilem
492 4053 601 4104 iabulae
610 4053 751 4118 fingendae

212 4140 306 4176 ansam
320 4125 435 4189 ingeniis
450 4124 549 4173 Atticis
561 4124 690 4188 praebere
704 4139 751 4188 po-

211 4196 315 4246 tuerint
328 4193 466 4259 multaque
484 4195 594 4244 omuino
610 4193 643 4244 de
658 4192 750 4244 Persis

212 4263 283 4314 falsa
298 4280 314 4313 s
325 4264 436 4316 Graecis
452 4279 496 4313 res
508 4278 571 4312 snas
585 4261 751 4326 amplificen-

210 4333 285 4384 tibus
299 4332 401 4383 tradita
413 4347 472 4384 esse
488 4337 602 4384 constet.
628 4333 684 4382 Nec
700 4333 751 4382 ali-

211 4402 327 4454 tersere
353 4403 386 4454 de
410 4403 451 4454 bis
469 4404 569 4454 statuit
588 4402 749 4453 Lar-cherua.

801 793 844 843 Ad
863 792 973 845 fabulas
993 793 1088 844 itidem
1110 793 1194 856 haec,
1223 809 1292 860 quae
1312 795 1347 844 de

802 866 908 916 catenis
919 865 988 914 mari
997 865 1125 914 immissis
1135 871 1290 920 narrantur,
1302 880 1345 914 re·

802 933 860 984 lata
872 934 931 984 vult
945 933 1093 984 Blomfield.
1107 935 1135 982 iu
1145 933 1234 983 Gloss.
1245 935 1279 982 ad
1294 935 1348 983 Aa·

803 1003 891 1068 schyli
903 1004 981 1052 Pers.
996 1003 1055 1054 728.
1084 1004 1115 1052 ln
1130 1018 1182 1067 qno
1197 1005 1347 1053 assentitur

802 1073 891 1124 Ideler
908 1072 944 1122 ad
955 1071 1096 1122 Aristotel.
1111 1072 1254 1122 blateorol.
1274 1073 1301 1134 1,
1317 1073 1343 1124 ³.

802 1157 864 1208 pag.
880 1141 940 1193 356.
955 1142 993 1192 ΙΙ.
1010 1157 1036 1205 p.
1050 1142 1109 1191 762.
1122 1141 1182 1194 οοΙΙ,
1205 1143 1259 1192 Die
1273 1142 1344 1207 Sage

802 1227 864 1262 som
883 1211 984 1262 Schuss
1001 1211 1048 1262 des
1062 1209 1122 1261 Tell
1142 1225 1201 1276 pag.
1215 1213 1249 1261 ou
1268 1213 1346 1260 item-

802 1296 854 1346 que
874 1281 904 1332 C.
923 1281 954 1330 0.
977 1279 1091 1331 Mueller
1113 1279 1264 1345 (Goetting.
1282 1281 1342 1334 Gel.

801 1355 886 1401 Anna.
904 1350 979 1400 1834.
991 1365 1033 1402 nr.
1047 1349 1090 1401 60.
1103 1364 1166 1413 pag.
1177 1349 1241 1414 587)
1257 1355 1343 1399 ortam

802 1427 878 1470 ratus
891 1418 1012 1469 labnlam
1025 1433 1040 1468 e
1055 1419 1165 1482 poetica
1176 1419 1293 1482 quadam
1305 1419 1343 1468 lo-

801 1491 926 1551 cutione,
947 1502 1016 1552 quae
1034 1487 1241 1552 Hellespontum
1260 1493 1343 1553 ponte

801 1561 924 1608 iunctum
934 1557 1094 1622 significarit
1104 1558 1344 1622 compedibnariu·

801 1635 888 1687 ctum;
900 1627 1050 1690 eademqne
1060 1633 1102 1676 est
1111 1627 1344 1677 senteutiaBlom-

800 1697 882 1748 tieldii
900 1698 927 1746 in
940 1695 1061 1746 Glosnnn
1082 1695 1116 1744 ad
1129 1695 1258 1760 Aeschyli
1269 1697 1343 1746 Pers.

802 1767 861 1816 2²8.
888 1768 1030 1816 deserum
1042 1780 1109 1814 sane
1121 1770 1176 1828 est,
1194 1763 1260 1815 nihil
1273 1767 1345 1817 eins-

802 1836 875 1887 nrodi
893 1837 921 1884 in
933 1834 1042 1885 Ctesias
1058 1837 1194 1898 excerptis
1212 1834 1342 1885 traditum

802 1911 924 1964 exstare;
945 1919 1030 1969 neque
1046 1910 1136 1954 tamen
1156 1905 1217 1954 ideo
1237 1919 1342 1955 omnem

801 1973 935 2026 Herodoti
945 1975 1128 2024 narrationem
1140 1975 1263 2039 equidem
1276 1978 1344 2024 reie-

802 2045 885 2096 cerim
894 2049 924 2094 ut
934 2057 1044 2108 prorsus
1052 2043 1153 2105 flotam,
1169 2059 1248 2108 qnam
1259 2045 1343 2094 etiam

803 2113 916 2166 orientis
934 2128 1025 2178 regum
1044 2113 1130 2162 fastui
1146 2127 1180 2162 ac
1199 2111 1343 2177 superbiae

802 2183 883 2234 valde
894 2197 1041 2246 congruere
1051 2182 1139 2248 quivis
1149 2182 1289 2242 concedet,
1296 2197 1343 2233 ne·

802 2267 854 2318 quc
867 2252 1036 2302 abhorreres
1046 2253 1140 2302 Nostri
1150 2250 1275 2315 consilio,
1289 2267 1343 2316 quo

802 2338 871 2386 quae
885 2326 980 2386 postea
989 2323 1093 2372 Xerxes
1107 2335 1203 2385 passus
1215 2327 1257 2372 est
1270 2321 1342 2370 mala

803 2391 946 2440 Graeciam
958 2407 1017 2440 cnm
1029 2393 1148 2441 exercitu
1158 2391 1298 2448 invadens,
1310 2407 1344 2441 en

803 2461 838 2510 ab
857 2459 1005 2510 insolentia
1022 2467 1049 2509 et
1069 2461 1142 2509 insto
1161 2465 1282 2524 repetere
1301 2461 1343 2508 in-

803 2535 927 2592 stamqne
938 2529 1085 2580 vindictam
1099 2528 1197 2579 habere
1209 2529 1292 2580 solet:
1305 2529 1341 2580 ci.

804 2613 910 2662 qnoque
927 2597 1058 2648 Nitaseh=
1084 2599 1136 2648 Die
1158 2599 1344 2662 Sagenpoiisie

801 2667 848 2717 der
861 2665 970 2719 Griecb.
985 2681 1012 2730 p.
1022 2667 1072 2717 567
1083 2683 1140 2731 seq.
1170 2668 1287 2718 debens
1301 2669 1343 2717 in-

800 2741 842 2786 ter
856 2735 912 2785 alia
925 2736 1052 2786 observat
1069 2737 1158 2800 Bring.
1180 2737 1341 2800 (Historicc.

801 2808 829 2856 in
838 2804 949 2855 difficili.
960 2805 1092 2856 Herodoti
1100 2804 1167 2856 loce.
1175 2805 1341 2856 adnotamm.

800 2875 917 2926 Londini
931 2875 1081 2925 Gothorum
1103 2875 1178 2928 1829.
1198 2875 1245 2926 IV.
1264 2893 1291 2941 p.
1307 2877 1341 2926 '2ss

800 2943 869 3008 seq.)
882 2944 914 2994 de
925 2946 1013 2994 Xerse
1026 2943 1232 3008 Hellespontum
1245 2953 1272 2994 et
1283 2960 1342 2994 ver-

800 3014 841 3062 bis
857 3019 884 3063 et
900 3014 1057 3065 verberibus
1076 3015 1220 3078 puniente,
1239 3019 1341 3063 nonut
1362 3047 1363 3050 =

800 3083 832 3133 dc
849 3083 957 3134 homine
971 3083 1090 3145 Graeco,
1114 3083 1160 3133 sed
1178 3087 1209 3132 ut
1231 3083 1264 3132 de
1279 3083 1342 3132 Per-

799 3169 890 3204 sarum
905 3167 970 3217 rege
987 3168 1035 3202 sen
1053 3153 1144 3218 potius
1157 3145 1282 3217 δεσπότῃ
1302 3153 1341 3201 in-

798 3223 898 3272 dicium
920 3237 980 3273 esse
1003 3222 1158 3282 serendum,
1189 3224 1236 3286 qui
1261 3221 1341 3272 hrodo

799 3291 975 3341 Ormnadium
992 3292 1044 3341 rite
1065 3307 1097 3341 ae
1123 3294 1169 3355 pie
1192 3291 1340 3341 secundnm

797 3362 938 3411 Zoroastri
952 3367 1097 3424 praecepta
1114 3360 1223 3424 coleret,
1240 3362 1339 3410 nemini

799 3445 828 3480 se
843 3431 994 3481 subiectum
1008 3435 1117 3496 putaret
1130 3445 1178 3479 nec
1192 3429 1338 3494 quidquam

799 3501 854 3550 sibi
873 3501 1037 3560 timendum
1062 3501 1109 3565 qni
1132 3499 1215 3563 igitur
1236 3497 1341 3549 Helles-

800 3575 928 3634 pontum,
951 3584 1029 3634 quem
1046 3585 1094 3632 pro
1109 3569 1192 3618 fluvio
1206 3567 1340 3630 habuerit,

800 3639 980 3688 simili'modo
1005 3637 1102 3689 ulcisci
1124 3637 1257 3701 studeret,
1287 3651 1340 3701 quo

801 3707 865 3758 olim
880 3707 966 3772 Cyrus
980 3707 1101 3770 Gyndem
1116 3707 1228 3758 fluvium
1247 3707 1275 3756 iu
1287 3713 1342 3756 tre·

799 3781 893 3828 centos
922 3779 1068 3840 sexaginta
1098 3778 1171 3827 rivos
1199 3775 1339 3826 diductum

799 3845 841 3910 (Ι,
860 3844 933 3908 702).
962 3847 1040 3896 ,uliud
1057 3859 1243 3911 programma,
1265 3846 1339 3911 quod

799 3916 828 3966 iu
847 3915 939 3966 schola
960 3915 1157 3966 Itothscildana
1181 3929 1251 3965 anno
1275 3914 1341 3966 1826

798 3985 849 4035 sub
862 3986 913 4035 hoc
924 3985 1005 4036 titulo
1016 3986 1149 4050 prodiisse
1159 3983 1273 4034 dicitnr:
1287 3984 1340 4044 „ln

799 4054 1028 4118 disceptationem
1045 4059 1189 4115 vocantur,
1216 4069 1287 4119 quae
1307 4053 1341 4104 de

798 4125 841 4173 ira
860 4125 958 4175 Xerxis
982 4125 1097 4174 disiecto
1117 4124 1144 4174 vi
1168 4123 1340 4188 tempestatis

800 4199 895 4258 ponta,
916 4210 969 4258 quo
984 4193 1188 4258 Hellespontum
1203 4193 1339 4254 iunxerat,

800 4262 834 4312 ab
852 4263 991 4314 Herodoto
1011 4267 1074 4314 sunt
1094 4263 1221 4328 prodita“
1240 4263 1276 4312 ad
1299 4277 1340 4310 me

798 4332 871 4382 hand
884 4333 1017 4397 pervenit.
1042 4332 1094 4382 His
1110 4332 1225 4396 deniqne
1239 4329 1340 4381 addere

800 4401 904 4467 placet,
928 4417 998 4468 quae
1015 4402 1089 4467 opud
1106 4402 1266 4465 Genesium,
1287 4400 1340 4465 By-
