3010 4966
439 363 808 436 TERPSIOHORE.
835 376 873 436 V.
895 385 939 440 ee.
962 385 1004 442 ee.
1229 381 1289 444 167

152 551 200 641 τῷ
214 549 264 619 ἑνὶ
277 547 331 618 καὶ
346 549 547 641 τριηκοστῷ,
570 552 688 642 Αἰακῷ
707 551 841 638 τέμενος
861 546 1104 639 ἀποδέξαντας,
1124 551 1289 642 ἄρχεσθαι

150 655 212 722 τοῦ
225 649 307 742 πρὸς
322 652 503 741 Αἰγινήτας
523 656 684 741 πολέμου·
711 662 771 723 καί
787 678 848 742 σφι
867 653 1032 745 χωρήσειν
1045 654 1085 726 τά
1098 657 1287 745 βούλονται.

150 753 194 846 ἦν
209 758 246 826 dl
259 752 378 825 αὐτίκα
394 755 714 844 ἐπιστρατεύωνται,
733 755 840 826 πολλὰ
853 762 916 846 μέν
929 777 1034 846 σφεας
1055 764 1153 853 ἐντῷ
1165 760 1288 852 μεταξὺ

150 864 212 930 τοῦ
230 857 355 950 χρόνον
375 868 571 946 πείσεσθαι,
599 859 705 930 πολλὰ
728 861 765 930 δὲ
788 863 844 930 καί
863 861 1029 950 ποιήσειν·
1058 866 1149 944 τέλος
1173 869 1286 954 μέντοι

150 966 449 1052 καταστρέψεσθαι.
494 969 605 1033 Ταῦτα
634 960 678 1044 ὡς
699 961 941 1053 ἀπενειχθέντα
960 963 1109 1056 ἥκουσαν
1129 973 1164 1038 ol
1187 966 1285 1057 Ἀθη-

150 1084 256 1154 ναῖοι,
277 1071 325 1159 τῷ
337 1067 399 1156 μὲν
413 1071 531 1160 Αἰακῷ
550 1069 684 1155 τέμενος
704 1065 870 1151 ἀπέδεξαν
883 1073 998 1156 τοῦτο,
1020 1068 1057 1138 τὸ
1075 1075 1140 1140 νῦν
1161 1073 1215 1141 ἐπὶ
1228 1077 1286 1161 τῆς
1313 1069 1315 1074 ’

149 1167 272 1258 ἀγορῆς
295 1175 445 1259 ἵδρυται·
473 1169 650 1259 τριήκοντα
672 1169 709 1240 dl
730 1178 803 1241 ἔτεα
823 1169 885 1242 οὐκ
899 1169 1095 1261 ἀνέσχοντο,
1119 1172 1283 1244 ἀκούσαν-

148 1301 217 1360 τες,
242 1272 328 1354 ὅκως
349 1272 456 1362 χρεών
476 1284 526 1362 εἰη
547 1276 711 1363 ἐπισχεῖν,
737 1275 949 1356 πεπονθότας
972 1274 1053 1365 πρὸς
1075 1281 1285 1368 Αἰγινητέων

148 1442 258 1492 noviom
275 1439 345 1490 mele
362 1434 468 1490 αἰκίον.
505 1441 547 1490 Tu
568 1441 638 1490 conl.
659 1440 693 1491 de
744 1441 780 1491 sit
792 1441 1015 1506 Atheniensibus,
1028 1443 1126 1509 quibus
1143 1444 1192 1494 toli
1204 1445 1284 1496 modo

147 1511 200 1561 hoc
214 1512 352 1561 nominum
370 1512 398 1560 in
419 1512 465 1558 ὧν
480 1511 635 1561 exeuntium
647 1527 691 1575 ge·
742 1511 958 1576 respondendum
969 1515 1131 1565 censuerint.
1166 1514 1230 1564 Mox
1241 1531 1284 1566 re·

113 1583 119 1596 “
147 1596 213 1632 nere
233 1580 343 1631 Inuson.
372 1581 400 1629 in
419 1579 534 1631 Seebod.
563 1585 591 1631 et
611 1580 689 1630 lehn.
742 1581 813 1630 tinui
834 1595 894 1632 cum
919 1587 1033 1634 recenti.
1060 1583 1121 1634 edd.
1145 1574 1282 1648 ἥκουσαν,

146 1649 256 1700 Annell.
275 1649 349 1702 18³2.
366 1649 460 1714 Suppl.
476 1650 504 1714 1,
516 1651 541 1700 4.
563 1665 625 1714 pag.
639 1649 688 1700 571
741 1641 1283 1718 cuiuslocoScheeferusdrocone,quod

147 1726 175 1770 et
191 1719 246 1771 vid.
266 1720 504 1785 grammaticorum
524 1719 689 1769 Graecorum
739 1720 805 1770 ferri
816 1735 870 1770 uon
886 1737 966 1786 posse
982 1722 1081 1774 docent
1093 1722 1178 1774 silete
1190 1739 1207 1772 ιι
1217 1724 1284 1775 Bre-

146 1781 274 1854 ἀδίκημα
282 1789 475 1854 explicentium
483 1789 558 1838 locos
573 1787 688 1840 inThes.
739 1790 802 1840 dor.
813 1804 876 1854 pag.
889 1789 949 1841 tet.

146 1859 228 1924 Ling.
242 1859 339 1909 Graec.
357 1859 379 1907 1.
401 1873 464 1923 pag.
486 1857 538 1909 679
562 1858 605 1908 ed.
621 1859 688 1908 Din·
773 1849 805 1907 sd
822 1856 876 1908 νῦν
893 1851 938 1909 ἐπὶ
956 1857 1007 1926 τῆς
1024 1849 1128 1926 ἀγορῆς
1148 1858 1280 1928 ἵδρυται]

147 1929 217 1980 dori.
247 1927 383 1980 Inverbis
402 1928 631 1992 subsequentibus
650 1925 690 1992 τῷ
741 1929 841 1990 Quaeri
864 1929 961 1993 possit,
987 1935 1076 1980 utrum
1095 1931 1128 1982 de
1146 1933 1283 1996 antiquiori

146 1989 190 2047 tvl
209 1993 257 2046 καὶ
280 1995 437 2064 τριηκοστῷ
455 1998 629 2063 Hoogeveen.
651 1997 687 2046 sd
739 1997 943 2049 Atheniensium
956 1999 1215 2066 ioro,quodPnycis
1227 2001 1281 2052 col-

145 2069 237 2132 Viger.
246 2083 271 2131 p.
282 2067 316 2118 ill
328 2071 407 2116 notet
421 2069 523 2118 numeri
533 2067 644 2118 minoris
655 2081 687 2117 ex
738 2067 759 2117 li
772 2067 923 2132 proximum
941 2068 1026 2119 luisse
1043 2069 1128 2120 fertur
1147 2069 1196 2135 (ol.
1209 2073 1280 2122 Kro-

146 2136 263 2188 ordinoli
286 2137 314 2186 in
333 2136 510 2201 principalem
532 2137 687 2187 conversio·
738 2153 786 2187 se:
803 2135 898 2188 Helles
912 2138 948 2199 Il,
964 2139 987 2189 1.
1002 2153 1065 2203 pag.
1085 2138 1218 2203 l03),hic
1237 2155 1281 2192 co-

145 2223 222 2259 nem:
240 2195 487 2272 comsnueprodvl
498 2212 688 2271 exspectasses
737 2206 879 2271 gitsnelum
900 2208 936 2257 sit
959 2221 993 2256 sn
1015 2206 1048 2256 de
1066 2210 1205 2260 recentiori
1220 2210 1280 2261 toro

145 2273 259 2342 πραίτῳ,
274 2279 486 2339 tricesimoprirno
497 2291 571 2337 orno,
586 2275 629 2325 let
642 2291 687 2325 een
737 2275 889 2340 porticibus
907 2281 1005 2326 ornato
1026 2291 1110 2342 prope
1132 2277 1280 2330 Andronici

144 2363 175 2397 en
188 2347 308 2411 dertiqste
322 2347 393 2404 iuer,
409 2351 440 2395 ut
452 2346 552 2395 Bntevi
572 2343 687 2410 loquun-
739 2361 809 2410 quee
826 2361 898 2395 nunc
916 2349 1033 2396 vocetur
1050 2345 1161 2408 turrim,
1178 2348 1212 2397 de
1226 2363 1279 2414 qno

145 2421 199 2468 tur.
210 2443 245 2452 —
258 2414 299 2466 Ad
313 2414 478 2468 locutionem
489 2408 603 2478 τέμενος
614 2409 686 2462 dno·
738 2414 775 2468 cf.
788 2414 860 2464 idem
872 2415 960 2466 Krnse
972 2413 990 2467 l.
1005 2413 1023 2462 l.
1036 2429 1098 2481 ρος.
1113 2416 1159 2465 ΙΙΙ
1174 2431 1230 2481 seq.
1244 2419 1280 2466 At

144 2483 282 2546 σέξαντας
297 2484 333 2534 οἰ.
344 2486 377 2544 V,
390 2485 432 2536 ot.
445 2485 507 2546 VII,
523 2484 581 2536 178.
738 2484 802 2534 mihi
813 2485 860 2536 rix
869 2484 991 2538 dubium.
1003 2485 1067 2548 quin
1079 2485 1113 2535 de
1125 2485 1280 2550 enteqniori

180 2549 331 2620 χωρήσειν]
355 2555 400 2604 lte
414 2553 477 2604 libri
490 2553 601 2614 vetusti,
618 2568 686 2618 quos
736 2553 797 2605 toro
809 2554 853 2605 hic
865 2569 954 2605 sermo
969 2555 1014 2616 sit,
1031 2554 1102 2618 quod
1116 2553 1144 2604 in
1158 2554 1229 2606 velle
1240 2555 1280 2605 in-

144 2640 205 2676 cum
222 2628 336 2674 recentt.
351 2624 412 2677 edd.
429 2629 540 2674 secutus
552 2639 619 2687 sum,
632 2637 685 2672 nno
737 2629 782 2674 tm
794 2625 921 2689 Pnycem,
935 2625 1107 2688 Areopagum
1121 2629 1148 2674 et
1159 2629 1279 2690 Acropo-

144 2699 259 2758 exeepto
274 2693 431 2756 Scheelero,
445 2694 538 2758 quiex
551 2708 605 2743 uno
621 2691 687 2742 Sun-
736 2693 774 2744 lin
787 2694 874 2744 inisse
889 2693 1066 2759 probabiliter
1088 2694 1186 2744 statuit
1200 2693 1229 2746 0.
1243 2693 1277 2746 0.

143 2763 226 2815 croiti
243 2763 312 2812 libro
328 2763 450 2813 exhibuit
467 2762 592 2827 χωρῆσαι
610 2762 688 2810 item·
736 2763 850 2814 Mueller
862 2764 890 2812 in
903 2763 997 2813 Erech.
1017 2767 1044 2814 et
1061 2763 1173 2817 Gruber.
1188 2764 1278 2828 Ency-

144 2849 197 2900 que
223 2849 285 2882 mox
311 2827 575 2896 καταοτρέψαοθαι;
613 2832 686 2896 quod
736 2833 857 2898 clopned.
871 2832 931 2883 Vol.
944 2833 992 2884 VI.
1013 2849 1076 2898 pag.
1088 2832 1149 2884 231.
1173 2834 1215 2884 De
1231 2849 1278 2883 en-

140 2905 213 2956 citst
222 2903 256 2952 G.
267 2903 413 2953 Hermann.
426 2901 469 2952 ed.
479 2902 571 2966 Vigor.
585 2917 610 2965 p.
625 2901 686 2965 775,
735 2905 812 2968 tiquo
828 2903 887 2952 foro
899 2903 1009 2966 Attico,
1028 2903 1100 2967 qnod
1113 2917 1196 2952 unum
1214 2903 1276 2966 luit,

141 2989 197 3039 quo
216 2971 275 3024 scil.
290 2977 397 3037 petest,
415 2987 496 3037 quem
512 2971 626 3022 licenter
639 2985 685 3021 eo·
737 2973 874 3022 meridiem
889 2987 983 3023 versus
999 2972 1033 3022 ab
1043 2972 1172 3038 Acropoli
1184 2971 1276 3037 situm,

140 3043 219 3094 ristis
236 3041 335 3092 Graeci
354 3043 456 3092 luerint
478 3041 534 3091 usi:
559 3041 685 3104 idemque
735 3041 948 3107 postLeokium:
960 3041 1169 3108 Topogrupha.
1177 3041 1275 3093 Athen.

140 3114 227 3163 etiem
238 3113 328 3162 tenuit
339 3111 476 3177 Stegerus,
490 3111 537 3176 qui
552 3111 686 3160 intectum
734 3127 794 3176 peg.
814 3111 861 3162 157
879 3127 952 3177 seqq.
971 3112 1012 3162 ed.
1030 3111 1131 3176 Snnpp.
1155 3109 1276 3176 pluribus

140 3181 253 3247 reliquit
266 3175 415 3245 χωρήσειν.
446 3181 685 3231 Nosceeterorum
735 3180 888 3240 disputavit
908 3181 1025 3231 Henriot
1046 3181 1087 3230 in:
1121 3181 1215 3232 Revue
1232 3197 1275 3232 er-

138 3251 272 3302 librornm
292 3251 368 3302 iussu
382 3250 428 3301 hic
447 3265 553 3316 quoque
571 3249 685 3299 retinui·
735 3249 858 3313 elrdoloq.
875 3251 922 3300 XI.
936 3265 962 3314 p.
978 3251 1028 3300 212
1042 3265 1117 3315 seqq.
1134 3251 1185 3300 257
1198 3265 1274 3316 eeqq.

139 3337 202 3372 mus
217 3313 475 3384 καταστρέψεσθαι,
495 3317 684 3384 qnodsnneb.
736 3321 797 3370 272.
823 3318 879 3370 Alii
894 3319 928 3369 ed
943 3319 1111 3370 occidentem
1129 3321 1274 3370 versusnb

139 3393 158 3444 l.
177 3390 361 3440 necessarium
373 3389 481 3441 videtur
497 3387 608 3452 (tandem
624 3403 684 3439 nero
734 3387 863 3450 Acropoli
883 3388 971 3437 torum
989 3389 1074 3440 tuisse
1091 3388 1274 3440 contendunt:

139 3463 275 3525 Aeginnm
287 3460 451 3511 Athenienses
464 3458 612 3508 retracturus
629 3473 686 3508 esse
734 3473 789 3522 qus
802 3458 835 3508 de
845 3473 874 3506 re
887 3457 940 3506 vid.
949 3473 1019 3522 quere
1029 3457 1273 3524 sttnlitForbiqerz

139 3531 211 3580 dicit
225 3527 375 3593 oraculum)
394 3543 482 3594 aeque
496 3533 578 3593 etque
595 3530 623 3578 in
638 3541 685 3577 su·
733 3527 842 3577 Hendb.
859 3527 885 3579 d.
902 3527 950 3577 elt.
964 3525 1061 3592 Geogr.
1073 3529 1125 3578 ΙΙΙ.
1140 3544 1201 3594 psg.
1212 3527 1273 3580 uto.
1339 3587 1340 3590 ρ

139 3599 331 3650 tecedentibns
344 3589 499 3664 χωρήσειν;
517 3613 604 3663 neque
618 3613 682 3648 vero
732 3602 789 3650 not.
802 3599 845 3648 tt.

139 3684 210 3735 opos
222 3661 363 3732 ἄρχεσθαι
376 3672 480 3718 mutere
492 3668 520 3717 in
534 3655 682 3730 deiectius,
768 3656 820 3716 oin
832 3655 1187 3730 ἀνέσχοντο,ἀκον’σαντες]
1197 3667 1275 3728 Quae

138 3746 172 3790 ut
186 3739 314 3804 proponit
323 3737 443 3792 Voemel.
458 3737 492 3787 ud
504 3736 680 3789 Demosthen.
732 3737 806 3801 spnd
822 3735 930 3786 Schrei.
955 3737 1046 3800 posite
1071 3739 1113 3786 est
1135 3735 1275 3787 distinctio

139 3809 269 3859 Contion.
290 3823 351 3874 pag.
367 3807 417 3858 109
430 3805 555 3872 Prolegg.
587 3806 627 3857 Ad
646 3807 683 3857 si·
733 3810 797 3856 unte
809 3797 990 3866 duodecime,
1001 3805 1117 3856 deletam
1127 3805 1234 3870 reperio
1245 3806 1273 3854 in

138 3879 344 3942 poitieetionem
355 3877 433 3928 verbi
446 3879 548 3941 χωρεῖν
560 3876 595 3927 ot.
610 3879 680 3926 nott.
732 3875 884 3940 Schweigh.
902 3880 929 3926 et
942 3875 1030 3926 Gsisf.
1047 3874 1174 3936 editione,
1189 3875 1228 3924 ite
1242 3879 1274 3924 ut

137 3947 175 3998 sd
189 3947 245 4009 111,
260 3949 304 3996 42.
336 3947 414 4009 Quod
432 3945 466 3995 nd
484 3947 572 4011 ipsum
589 3959 683 3996 oreon·
732 3945 905 4010 perticipium
926 3935 1099 4002 duodennem
1114 3959 1176 3994 cnm
1195 3947 1272 3992 ente-

137 4015 231 4066 cnlum
253 4016 369 4078 attinet,
401 4015 682 4081 Limburg-Brouwer
732 4015 840 4066 cedenti
856 4016 939 4066 verbo
956 4003 1110 4078 ἀνέσχοντο
1126 4015 1273 4062 connects-

138 4085 277 4148 (Histoire
290 4085 323 4135 de
338 4083 365 4134 lu
386 4085 513 4136 civilisnt.
530 4083 556 4134 d.
570 4085 615 4136 Gr.
634 4085 681 4134 lV.
734 4091 777 4134 tur
790 4099 821 4134 eo
831 4099 953 4148 usu,quo
967 4083 989 4146 1,
1002 4083 1045 4135 80.
1059 4085 1092 4143 V,
1105 4080 1136 4132 19
1145 4079 1204 4144 (ubi
1214 4080 1270 4130 vid.

138 4151 215 4216 (Vl.)
238 4169 301 4220 ρος.
315 4153 367 4218 87,
389 4153 682 4212 existimet,cxl1iberi
732 4153 815 4218 nott.)
839 4153 1011 4218 perticipium
1036 4151 1098 4201 hnic
1118 4149 1201 4199 verbo
1224 4148 1271 4200 sd-

136 4223 186 4273 hic
198 4223 338 4274 orsenlnm
351 4222 574 4286 enecerdotibns,
584 4224 630 4288 qui
642 4239 682 4273 re·
731 4223 801 4274 strui
814 4223 944 4284 vidimus,
964 4221 1035 4270 henc
1049 4221 1077 4270 in
1090 4219 1270 4270 sonantium:

136 4309 199 4344 rum
218 4293 337 4344 omnium
356 4293 392 4342 sd
413 4294 601 4357 quaestionem
620 4307 681 4357 pro·
731 4307 780 4344 nou
795 4293 964 4343 nsetinroerrmt
980 4291 1079 4340 metire.
1111 4287 1167 4340 Ubi
1188 4289 1271 4339 offen·

136 4361 258 4428 positum
273 4363 342 4414 bene
355 4363 436 4428 gnsri
450 4361 552 4413 tuerint
566 4361 682 4427 indeque
732 4363 773 4412 dit
789 4363 887 4412 soristi
903 4359 1095 4426 perticipium,
1114 4359 1191 4410 cuius
1209 4357 1270 4411 loco

136 4431 210 4484 bene
231 4429 430 4496 intellexerint,
448 4431 512 4497 quid
528 4431 681 4483 feriendum
731 4432 883 4498 praesentis
899 4429 1073 4497 perticipium
1088 4444 1155 4482 sune
1175 4445 1270 4496 exspe-
