3010 4966
207 337 246 400 80
640 332 909 394 HERODOTI

205 507 361 588 νεύοντος
391 506 427 576 δὲ
450 509 511 574 τοῦ
532 508 737 596 Κλεομένεος
764 507 944 596 προέβαινε
969 519 1055 574 τοῖσι
1076 502 1219 594 χρήμασι
1239 497 1345 592 ὑπερ-

206 611 340 700 βάλλων
361 607 378 680 ὁ
399 607 646 698 Ἀρισταγόρης,
665 613 698 688 ές
719 597 761 676 οὗ
781 607 987 696 πεντήκοντά
1008 635 1043 676 τε
1063 607 1208 678 τάλαντα
1221 600 1345 677 ὑποδέ-

208 719 318 784 δεκτο·
359 715 413 784 καὶ
439 711 475 782 τὸ
496 717 633 782 παιδίον
664 708 846 794 αὐδάξατο·
881 711 1012 800 Πάτερ,
1042 713 1237 798 διαφθερέει
1261 731 1299 778 σε
1326 706 1344 778 ὁ

207 822 331 904 ξεῖνος,
352 813 458 905 ἦνμὴ
478 811 623 896 άποστάς
643 826 704 905 λης.
744 812 763 882 ὅ
785 843 820 884 τε
848 813 890 902 δὴ
911 817 1118 903 Κλεομένης,
1144 809 1261 901 ἡσθεὶς
1283 818 1346 882 τοῦ

207 925 345 989 παιδίου
359 925 400 1009 τῇ
414 923 624 1008 παραινέσει,
647 917 698 1007 ἤϊε
713 919 745 996 ἐς
759 922 873 1006 ἕτερον
887 928 1026 1006 οἴκημα,
1048 911 1136 1010 sali}
1155 913 1343 1004 Ἀρισταγό-

209 1051 267 1114 ρης
282 1019 508 1092 ἀπαλλάσσετο
528 1020 565 1091 τὸ
585 1020 744 1110 παράπαν
765 1025 800 1090 ἐκ
820 1024 876 1110 τῆς
890 1019 1064 1109 Σπάρτης,
1084 1014 1165 1088 οὐδέ
1184 1024 1218 1086 ολ
1236 1021 1342 1106 ἐξεγέ-

209 1153 284 1195 νετο
299 1129 352 1196 ἐπὶ
367 1128 468 1195 πλέον
482 1133 529 1196 ἔτι
543 1129 685 1214 σημῆναι
700 1125 775 1212 περὶ
790 1129 847 1212 τῆς
860 1119 985 1192 άνόδου
999 1128 1056 1212 τῆς
1070 1119 1159 1212 παρά
1172 1128 1319 1209 βασιλέα.

162 1237 202 1300 52
280 1225 369 1318 Ἔχει
393 1227 457 1320 γάρ
482 1225 567 1318 cippi
589 1223 721 1320 τῇδδρῐ
743 1226 846 1318 ταύτῃ
861 1217 942 1296 ὦδε·
970 1235 1117 1315 σταθμοί
1136 1251 1170 1293 τε
1192 1219 1344 1316 πανταχῆ

248 1387 356 1459 Πάτερ,
377 1387 543 1456 διαφθερέει
564 1406 593 1442 σε
616 1385 631 1441 ὁ
655 1387 748 1452 ξεῖνος
799 1390 883 1456 Susa,
908 1395 1076 1442 mercaturae
1102 1406 1185 1443 causa
1205 1391 1344 1457 proficisci

207 1479 233 1514 ιι.
247 1480 271 1517 τ.
283 1464 319 1530 a]
341 1467 418 1527 Quas
431 1464 470 1512 ita
482 1463 583 1513 Dorice
597 1462 673 1512 effert
685 1460 748 1510 Plu·
799 1461 933 1513 solebant.
964 1462 1076 1512 Praeter
1093 1461 1206 1512 Rennel.
1226 1462 1254 1510 in
1272 1460 1343 1512 Geo-

207 1533 292 1582 tarcb.
310 1533 352 1584 11..
363 1547 425 1598 pag.
443 1533 541 1582 240D:
567 1529 753 1594 καταφθερεῖ
798 1531 893 1595 graph.
918 1531 1050 1582 Herodot.
1074 1547 1134 1597 pag.
1157 1531 1209 1582 529
1227 1546 1285 1596 seq.
1314 1536 1343 1582 et

208 1615 247 1663 σε,
263 1589 285 1650 oi
299 1593 402 1664 πάτερ,
421 1592 452 1648 τὸ
467 1591 627 1664 ξενύλλιον,
643 1592 693 1648 έάν
707 1592 745 1663 μη
797 1601 884 1651 Ulrert
897 1600 925 1650 in
943 1601 1039 1666 Geogr.
1053 1599 1098 1651 Gr.
1113 1605 1141 1651 et
1154 1601 1258 1651 Romm.
1272 1602 1301 1663 Ι,
1315 1603 1340 1652 1.

206 1665 307 1734 τάχιον
327 1663 416 1718 αὐτὸν
435 1670 485 1734 τῆς
505 1663 598 1727 οἰκίας
619 1662 744 1736 ἐκβάλῃς.
797 1685 861 1734 pag.
886 1670 920 1719 74
944 1685 1000 1735 seq.
1029 1676 1059 1720 tu
1085 1671 1139 1722 vid.
1168 1672 1340 1734 potissimum

207 1740 298 1791 Verba
313 1732 348 1802 ἦν
361 1734 399 1803 μὴ
417 1729 542 1796 ἀποστὰς
559 1736 605 1806 λης
618 1739 745 1790 reddunt:
797 1739 914 1791 Heeren.
931 1739 1023 1794 ldeeu.
1038 1741 1062 1802 l,
1078 1741 1103 1790 2.
1117 1754 1179 1804 pag.
1190 1742 1239 1790 221
1252 1756 1340 1806 seqq„

210 1811 259 1860 nisi
278 1813 347 1860 ocius
365 1810 527 1872 δίεοεεεενίε,
552 1810 576 1860 si
593 1809 699 1874 quidem
719 1810 749 1858 iu
800 1810 846 1873 qui
858 1809 964 1874 egregie
977 1814 1081 1872 monet,
1095 1808 1261 1870 hanoniam,
1274 1827 1341 1875 pau-

210 1880 356 1944 participio
375 1877 457 1928 eundi
476 1877 566 1929 verbis
590 1879 684 1929 addito
707 1882 748 1928 ta·
799 1879 839 1928 cis
867 1878 1028 1944 quibusdam
1057 1879 1169 1929 mutatis
1195 1879 1341 1944 (siquidem

208 1949 261 2000 lem
280 1950 336 1998 isre
354 1948 408 1998 vim
431 1949 520 1998 inesse
540 1947 648 1998 docent.
685 1949 746 1999 Vid.
799 1963 871 1998 nunc
884 1964 954 2011 non,
968 1954 998 1998 ut
1011 1947 1088 2011 olim,
1101 1948 1137 1999 ad
1147 1947 1232 2010 Susa,
1245 1950 1292 2000 sed
1304 1949 1340 1999 ad

207 2019 308 2069 lllatth.
325 2017 371 2069 Gr.
385 2019 430 2068 Gr.
446 2019 470 2080 ς.
484 2016 545 2066 559.
570 2018 704 2075 InfraVL
715 2019 747 2068 34
798 2016 936 2082 Ispahan,
952 2032 1021 2083 quae
1034 2020 1110 2084 regia
1122 2023 1165 2070 est
1181 2020 1273 2082 sedes,
1288 2021 1341 2070 iter

207 2087 320 2151 legitur:
340 2077 460 2142 ἰόντες
478 2079 509 2134 δὲ
528 2077 580 2150 τὴν
597 2080 664 2151 ioris
677 2079 748 2136 ὁδὸν
799 2086 930 2150 iaciunt),
946 2087 1058 2137 eandem
1072 2089 1155 2139 ferme
1170 2103 1245 2152 esse,
1259 2105 1340 2153 quam

207 2183 242 2193 —
256 2147 372 2221 ἤϊσαν.
404 2155 447 2204 Ad
464 2144 602 2218 ἐξεγένετο
624 2157 696 2207 conf.
711 2158 748 2208 ci·
800 2157 846 2220 qui
857 2155 937 2206 hodie
950 2158 1092 2223 aSmyrna
1105 2157 1140 2208 ad
1150 2157 1269 2222 Ispahan
1279 2174 1340 2222 pro-

207 2231 267 2276 tata
277 2227 311 2276 ad
323 2226 376 2287 111,
387 2225 446 2275 142.
468 2224 513 2274 Ad
523 2217 569 2275 inl
580 2222 664 2276 πλέον
675 2227 747 2278 coni.
798 2228 967 2290 ficiacontur,
983 2227 1072 2278 lacere
1085 2227 1200 2291 soleant,
1210 2234 1340 2278 accurate

207 2300 277 2346 nott.
292 2295 327 2347 ad
342 2295 389 2358 Vl,
405 2295 448 2344 42.
798 2294 962 2360 descriptam
984 2311 1001 2347 a
1018 2298 1168 2358 Tavsrnio;
1191 2298 1232 2347 ita
1249 2303 1279 2347 ut
1294 2315 1340 2348 ex·

798 2369 885 2415 trema
899 2370 1004 2416 tantum
1016 2368 1077 2416 riae
1088 2383 1150 2432 pars
1164 2381 1234 2416 nunc
1251 2368 1339 2432 magis

678 2460 681 2466 ¹
795 2436 1339 2570 :arauniumsurtran:

240 2562 314 2635 άμφλ
332 2567 368 2636 τῇ
385 2563 455 2636 ὁδῷ]
475 2568 577 2620 Eodem
597 2567 675 2617 modo
691 2569 745 2618 No·
795 2544 1172 2627 sornmsitumadmeridiedr
1184 2577 1338 2642 megistan-

207 2641 356 2690 sterutitur
366 2639 571 2703 praepositione
581 2628 743 2700 &aalma
795 2641 892 2692 darent
919 2659 1030 2695 necesse
1056 2650 1124 2696 erat.
1162 2647 1242 2698 Hane
1266 2646 1338 2696 enim

208 2709 284 2768 Quae
312 2708 434 2771 seqnitur
457 2707 562 2756 itineris
588 2705 744 2770 descriptio,
795 2710 868 2760 viam
886 2712 956 2762 idem
968 2715 1118 2766 Heerenius
1136 2715 1212 2765 addit
1230 2721 1261 2765 ut
1279 2715 1337 2764 lon·

206 2791 239 2824 aa
256 2777 401 2824 maximam
422 2779 494 2824 certe
512 2778 616 2838 partem
634 2775 744 2826 fluxisse
794 2779 895 2844 giorem
914 2782 954 2834 ita
972 2785 1099 2834 tutiorem
1113 2801 1173 2836 esse
1192 2801 1225 2834 ae
1248 2786 1336 2850 magis

205 2843 313 2894 videtur
334 2859 366 2892 ex
384 2843 532 2894 itinerariis
554 2849 744 2907 mercatorum,
796 2865 919 2901 securam
939 2867 957 2902 a
981 2854 1176 2917 praedonibus,
1202 2854 1337 2918 simulque

206 2927 272 2977 qnos
284 2911 319 2962 ab
332 2913 425 2962 leniae
440 2911 551 2963 urbibus
563 2912 599 2962 ad
608 2914 745 2966 interioris
795 2921 919 2972 omnibus
931 2922 967 2972 ad
979 2924 1062 2974 vitam
1072 2925 1278 2974 sustentandam
1291 2939 1337 2975 ne·

203 2982 287 3032 Asiae
305 2985 408 3032 tractus
426 2981 462 3031 ad
475 2981 642 3047 Babylonem
659 2999 745 3049 nsque
797 2993 926 3042 cessariis
943 2991 1039 3043 melius
1057 2994 1234 3056 instructam,
1256 3009 1336 3059 qnam

206 3055 233 3100 et
244 3050 314 3100 Susa
330 3053 405 3101 certi
419 3051 534 3117 quadam
552 3052 597 3101 vid
612 3054 747 3118 proficisci
797 3059 822 3108 si
839 3062 914 3110 recta
931 3076 979 3125 per
997 3061 1106 3113 deserte
1125 3065 1177 3113 iter
1196 3063 1283 3113 iacias
1297 3063 1335 3112 la·

205 3118 300 3170 solitos
318 3122 417 3171 Noster
436 3119 586 3183 consuluit,
614 3124 668 3173 nisi
686 3125 745 3188 ipss
796 3131 903 3179 tronum
923 3130 1025 3181 crebris
1044 3134 1184 3197 expositus
1205 3133 1336 3184 incursio·

205 3188 318 3239 eandem
334 3191 405 3241 riam
418 3205 542 3242 emensus
556 3207 589 3242 ex
603 3193 652 3255 iis,
675 3209 744 3259 qnae
795 3197 875 3248 nibus
894 3205 921 3249 st
940 3202 1015 3251 victu
1032 3202 1172 3254 commodo
1187 3201 1269 3252 facile
1290 3201 1336 3252 de·

204 3260 262 3322 ipse
275 3262 417 3324 cognovit,
431 3260 498 3312 haec
510 3263 636 3313 retulisse
646 3269 743 3328 putan-
794 3267 917 3318 stitutus.
944 3271 1053 3322 Hasece
1073 3274 1118 3323 via
1138 3272 1210 3322 infra
1227 3287 1287 3335 cap.
1299 3270 1335 3322 53

204 3327 255 3377 due
267 3333 318 3380 eat.
342 3329 381 3380 Ae
394 3329 497 3393 solent,
511 3332 581 3396 quod
594 3347 672 3384 nemo
687 3334 742 3386 iere
793 3340 865 3402 repta
886 3341 926 3388 oia
946 3331 974 3403 (η
991 3331 1088 3406 ὁδδςὴ
1104 3337 1248 3408 βασιληλη)
1269 3339 1335 3391 dici·

203 3399 314 3460 nescit„
331 3415 379 3464 per
392 3401 529 3451 Orientem
549 3401 595 3466 qui
609 3409 741 3454 mercatu·
793 3411 846 3470 tar,
859 3408 878 3457 i.
887 3424 909 3458 ε.
920 3423 989 3472 qnae
1002 3427 1019 3460 a
1028 3411 1171 3461 Persarum
1183 3411 1291 3475 regibus
1304 3407 1334 3475 (a

203 3482 261 3516 ram
272 3473 371 3532 Quat,
384 3471 525 3520 coniuncti
536 3471 693 3538 plerumque
706 3472 741 3522 ad
792 3476 892 3540 Dario,
909 3481 1016 3541 opinor)
1032 3481 1106 3530 iacta
1118 3486 1173 3541 est,
1187 3482 1211 3532 si
1225 3479 1334 3545 quidem

203 3551 306 3587 merces
336 3539 510 3591 advehendas
536 3542 741 3605 permutandae·
793 3560 861 3610 quae
871 3547 923 3597 ianr
934 3553 998 3598 ants
1008 3549 1074 3599 trita
1084 3551 1140 3601 lere
1150 3550 1201 3600 fnit
1211 3552 1333 3600 siemer-

204 3620 255 3670 que
278 3607 331 3658 iter
356 3609 447 3660 facere
471 3611 545 3660 certi
570 3612 686 3675 quadam
709 3627 741 3662 ac
793 3621 915 3665 catorum
929 3632 961 3666 ex
974 3618 1070 3668 Ioniae
1083 3635 1131 3670 ora
1147 3618 1190 3670 vel
1209 3637 1223 3671 ε
1242 3620 1334 3684 proxi-

203 3673 385 3740 delinitavii,
401 3694 454 3744 qna
466 3680 519 3730 tuti
529 3679 609 3729 simul
621 3687 648 3731 et
660 3682 740 3732 rebus
793 3687 843 3734 mis
859 3685 941 3737 Asiae
959 3689 1069 3738 minoris
1089 3689 1214 3754 partibus
1229 3689 1334 3754 profici-

201 3748 364 3798 necessariis
388 3749 516 3799 instructi
545 3749 605 3800 loca
633 3752 742 3803 deserta
793 3755 926 3804 acontium
937 3755 964 3805 in
973 3758 1206 3810 interioresdsiae
1216 3765 1332 3821 tractus,

201 3815 375 3881 perlustrent.
396 3817 587 3875 Necdubium.
602 3821 681 3884 quin,
696 3822 741 3886 qui
792 3824 973 3888 Babylonem,
998 3828 1081 3890 Susa,
1101 3835 1131 3879 ut
1151 3827 1204 3878 hoc
1224 3829 1333 3893 potissi-

201 3888 363 3951 adnaviget
380 3903 452 3949 mos,
470 3887 741 3956 idemolimquoqns
792 3909 862 3943 mum
890 3911 1111 3959 commemorem,
1142 3897 1213 3948 hanc
1238 3913 1332 3962 regnm

202 3955 365 4020 obtinuerit,
383 3972 444 4007 cum
460 3958 520 4022 ipsa
535 3961 676 4023 regionum
693 3976 739 4010 na·
791 3963 937 4014 Persarum
960 3968 1025 4016 curi
1044 3966 1140 4018 melius
1164 3971 1278 4017 stratam
1298 3983 1331 4018 ac

201 4031 263 4076 tura
282 4041 314 4076 ac
335 4026 405 4077 ratio
422 4029 462 4077 sic
477 4028 604 4092 postulet.
641 4029 739 4095 Itaque
791 4034 935 4094 munitam,
952 4051 1000 4099 per
1015 4038 1140 4101 regiones
1158 4037 1226 4088 bene
1240 4036 1331 4087 cultas

198 4095 277 4146 valde
289 4095 319 4145 lit
333 4095 486 4160 probabile,
499 4098 621 4148 enarrari
632 4097 658 4148 lr.
673 4098 689 4150 l.
703 4101 738 4150 ab
790 4102 898 4152 ductam
908 4105 1083 4170 omnibusque
1099 4107 1133 4158 iis
1142 4107 1221 4157 rebus
1232 4108 1332 4156 instru-

197 4163 338 4215 Hcrodoto
350 4181 409 4216 eam
421 4167 504 4229 viam,
517 4169 658 4232 qnalones
670 4185 737 4218 mer·
788 4175 860 4221 ctam
879 4188 938 4222 ssss
954 4175 1095 4238 probabile
1114 4181 1168 4239 est,
1191 4191 1261 4241 qnae
1278 4177 1331 4225 iter

198 4238 304 4282 catores
322 4234 386 4286 inde
404 4235 439 4285 ab
455 4235 536 4287 Asiae
557 4238 669 4288 minoris
690 4254 738 4289 ora
787 4240 945 4292 iacientium
973 4247 1184 4298 necessitatibus
1215 4246 1331 4296 inservi-

197 4302 233 4350 ad
247 4304 384 4355 interioris
394 4305 474 4355 Asiae
487 4311 600 4370 tractus,
616 4323 647 4356 ac
658 4323 736 4372 prae·
786 4316 859 4361 rent:
879 4311 982 4362 sactum
997 4305 1084 4366 autem
1099 4317 1126 4366 id
1139 4331 1199 4367 esse
1211 4315 1331 4365 credide-

196 4370 289 4436 eipne,
304 4377 334 4422 ut
346 4373 513 4436 sidetnr‚ad
526 4376 693 4442 Babylonem
707 4383 734 4427 et
785 4380 836 4430 rirn
855 4383 999 4447 praecipue
1019 4385 1046 4434 in
1072 4401 1151 4437 usum
1174 4386 1329 4436 nuntiorum
