2994 4980
197 359 260 424 656
629 365 899 426 HERODO'PI
938 367 942 374 '

199 565 251 606 ειν
268 533 382 624 ἠπίως·
393 541 598 625 χρησθῆναι,
622 533 706 606 άλλά
728 526 812 622 olus,
839 528 879 606 Ὠ
901 544 1033 624 σχετλίη
1055 538 1225 625 Σαλαμὶς,
1257 534 1344 607 rivel
1425 599 1430 605 .

199 645 259 709 τοῦ
283 632 324 708 Ὠ
349 647 428 726 θείη
449 647 615 728 Σαλαμίς·
657 651 751 727 είπερ
776 667 814 728 γε
837 645 977 728 ἔμελλον
996 643 1030 706 ολ
1048 639 1219 728 οἰκήτορες
1240 637 1340 728 ἄμφ’

199 739 283 831 αὐτῇ
299 743 520 830 τελευτήσειν.
553 739 638 810 άλλά
653 741 715 828 γάρ
737 745 769 822 ἐς
789 741 867 822 τούς
886 751 1065 829 πολεμίους
1086 747 1133 835 τῷ
1152 748 1224 835 θεῷ
1239 749 1340 830 εἰρῆ-

199 857 280 916 σθαι
295 843 332 914 τὸ
352 842 578 933 χρηστήριον,.
590 845 859 933 συλλαμβάνοντι
880 843 962 914 κατά
976 841 1153 930 τόὀρθὸν,
1175 841 1252 914 ἀλλ’
1268 844 1340 914 ούιι

199 953 231 1029 ἐς
248 945 455 1037 Ἀθηναίους.
489 948 801 1032 παρασκευάζεσθαι
825 939 873 1016 ὦν
895 943 1018 1026 αὐτούς
1035 943 1078 1027 ὡς
1094 947 1335 1036 ναυμαχήσον-

199 1079 257 1131 τας
271 1050 507 1138 συνεβούλευε,
523 1045 567 1128 ὡς
577 1051 697 1119 τούτου
712 1050 822 1132 ἐόντος
833 1055 892 1118 τοῦ
902 1053 1039 1131 ξυλίνου
1053 1057 1186 1137 τείχεος.
1217 1050 1337 1142 Ταύτῃ

200 1155 439 1243 Θεμιστοκλέος
463 1149 736 1240 ἀποφαινομένου
765 1150 937 1240 Ἀθηναῖοι
964 1151 1068 1220 ταύτά
1093 1174 1154 1240 σφι
1177 1160 1336 1240 ἔγνωσαν

200 1255 399 1346 αἱρετώτερα
420 1255 505 1324 εἶναι
524 1259 651 1343 μᾶλλον
673 1250 692 1342 ἢ
714 1253 754 1324 τά
768 1261 836 1324 τῶν
854 1253 1109 1344 χρησμολόγων,
1129 1262 1163 1324 οἳ
1182 1252 1244 1325 οὐκ
1262 1261 1336 1324 ἔων

200 1367 388 1449 ναυμαχίην
402 1353 597 1448 άρτίεσθαι,
619 1355 656 1426 τὸ
677 1359 713 1426 δὲ
728 1357 864 1446 σύμπαν
879 1357 982 1444 εἶναι,
1006 1354 1086 1426 οὐδὲ
1104 1373 1214 1448 χεῖρας
1228 1355 1334 1427 άντα-

198 1553 230 1611 τά
256 1555 325 1619 ἔπος
344 1553 545 1617 ι1οοοοᾱι1.,τό
564 1549 740 1625 πάθοςρτο-
788 1557 888 1625 μένου]
907 1561 925 1611 i.
942 1577 965 1610 e.
979 1559 1250 1612 incensissimam
1268 1559 1334 1610 ille-

197 1633 281 1682 bante
303 1630 452 1688 Lercbero,
489 1629 537 1680 sed
566 1629 738 1694 improbante
788 1633 1068 1680 mietoclesssutentr‘am
1083 1631 1209 1690 suamlde
1223 1630 1334 1681 oraculi

199 1698 473 1764 Sclrweighaeusero,
492 1699 539 1764 qui
557 1714 571 1748 e
589 1697 691 1748 scholio
710 1698 738 1747 id
788 1701 882 1762 sensu)
893 1703 1006 1762 operiret
1017 1703 1205 1755 emundaret:
1216 1701 1262 1749 ubi
1274 1715 1331 1750 non

198 1772 335 1820 invectum
345 1773 433 1832 putat.
449 1767 527 1830 Quod
537 1771 669 1832 sequitur,
682 1783 738 1817 om·
788 1769 909 1817 additum
924 1767 1023 1833 legitur
1036 1764 1167 1833 γνώμην,
1182 1769 1252 1834 qnod
1264 1769 1330 1820 eliis

198 1853 246 1888 nes
261 1838 322 1888 libri
334 1838 432 1901 scripti
443 1837 572 1887 exhibent
586 1831 737 1900 είρημίνον
787 1837 855 1900 locis
877 1838 1020 1888 adstruere
1038 1839 1137 1889 Noster
1158 1843 1242 1897 solen
1270 1838 1328 1888 vid.

197 1899 332 1968 ἐύνκως,
360 1905 453 1956 eodem
479 1905 737 1972 Schweighaeusero
787 1913 857 1956 nott.
876 1907 910 1956 ud
929 1907 1013 1969 VIII,
1033 1906 1075 1957 19.
1114 1908 1146 1956 ln
1167 1923 1240 1973 seqq.
1257 1909 1328 1958 bene

198 1975 738 2040 auctoresicexpliesudusu:„nonjun-
787 1981 878 2026 tuetur
905 1976 1068 2041 wesseling.
1097 1993 1192 2028 vocem
1219 1977 1329 2039 μᾶλλον

198 2053 244 2097 ets
263 2045 379 2110 intelligi
398 2045 497 2096 debent
512 2041 663 2110 εἰρημένον
677 2039 734 2108 ίάν,
785 2051 848 2110 poet
868 2039 1036 2106 αίρετιάτερα
1050 2045 1158 2096 illatam
1175 2052 1202 2096 et
1217 2048 1246 2094 in
1261 2047 1328 2097 duo·

197 2117 245 2167 sed
267 2115 402 2164 naturalis
426 2116 567 2166 verborum
596 2119 736 2166 structura
785 2113 926 2164 buscodd.
941 2115 1078 2165 omissam.
1101 2114 1206 2165 Similia
1215 2120 1327 2165 exstant

196 2189 225 2235 iu
240 2185 312 2234 hunc
330 2183 436 2234 modum
450 2184 643 2248 concipienda:
664 2181 690 2234 εί
703 2178 735 2233 τὸ
786 2185 812 2244 1,
833 2183 882 2245 32,
897 2183 943 2231 ubi
958 2185 1029 2233 coni.
1045 2185 1148 2247 citata,
1161 2185 1214 2249 1x‚
1229 2187 1253 2234 7.
1273 2187 1328 2234 Ae·

196 2249 265 2311 ἕπος
289 2247 439 2317 εἰρημένον
466 2247 522 2318 εἶχε
549 2245 596 2304 ίύν
624 2269 680 2311 κως
708 2245 736 2310 ἐς
785 2251 832 2303 sch
845 2251 870 2300 ·l.
884 2251 913 2302 S.
927 2267 950 2301 c.
964 2252 1014 2302 Th.
1028 2253 1088 2304 679.

192 2319 376 2386 Ἀθηναίουςτ
393 2327 421 2372 et
438 2314 494 2387 εἶχε
513 2314 561 2373 ἐὸν
574 2323 645 2373 idem
660 2324 735 2373 rule-
821 2317 850 2369 οί
860 2312 976 2369 ου’κέων
988 2337 1012 2370 κ.
1024 2320 1090 2387 τ.λ.]
1106 2321 1146 2370 λβ
1159 2325 1326 2372 structuram

197 2393 237 2442 bit
251 2407 283 2442 ae
297 2384 354 2456 εἶχε
365 2386 499 2448 ίύντως,“
518 2393 596 2456 Quod
606 2391 670 2442 mihi
680 2407 735 2442 non
785 2389 840 2440 loci
852 2389 907 2440 vid.
925 2390 993 2452 Vll,
1011 2391 1059 2442 101
1076 2391 1141 2454 ibiq.
1157 2396 1227 2442 nott.
1257 2391 1326 2441 lude

195 2466 332 2526 persuasit
349 2461 390 2512 vir
405 2461 515 2512 doctus:
536 2465 629 2527 itaque
643 2463 735 2526 recepi
785 2460 821 2510 ad
836 2459 918 2508 verba
931 2451 962 2508 τά
973 2455 1004 2509 δὲ
1014 2455 1129 2524 σύμπαν
1140 2451 1214 2508 εἶναι
1226 2475 1260 2510 ex
1274 2476 1325 2509 an-

195 2547 256 2581 cum
270 2531 417 2581 Schselerc
430 2535 458 2580 et
470 2536 585 2580 recentt.
598 2531 657 2583 edd.
672 2531 733 2582 iude
784 2529 920 2579 teeedeuti
939 2523 992 2578 ούκ
1014 2523 1068 2578 ἔων
1091 2533 1180 2578 mente
1200 2534 1325 2593 repeten-

194 2616 211 2650 ιι
223 2599 363 2661 Reklrero,
378 2601 450 2663 quod
464 2600 589 2649 lteislrins
602 2601 664 2649 olim
675 2617 735 2664 pro·

195 2671 287 2734 posuit
302 2670 482 2734 probavitque
494 2683 555 2718 cum
569 2669 731 2720 Valckeunr.

196 2739 311 2790 ltredcv.
324 2739 400 2802 pilb:
416 2728 518 2792 ἐόντως
529 2728 645 2800 [μιοέόν
655 2737 732 2802 κως),

195 2809 371 2862 inseveras
392 2805 517 2856 voculam
533 2819 582 2867 μιν
601 2807 628 2855 iu
644 2810 733 2870 proxi·

195 2892 237 2928 me
254 2875 431 2940 sequentibus
453 2871 488 2923 ad
505 2876 589 2936 dsunt,
613 2878 659 2940 qui
678 2877 732 2940 Py-

194 2946 269 2996 thiae
290 2960 336 2994 ore
351 2943 437 2993 edidit
455 2943 607 3006 oraculum,
633 2945 731 3008 refero,

193 3016 343 3080 respiciens
354 3013 388 3062 ad
398 3012 434 3073 id,
444 3012 516 3077 quod
526 3012 608 3076 paulu
620 3020 682 3077 pest
695 3013 735 3064 lea

195 3086 282 3149 gitur:
299 3071 327 3150 ἐς
343 3072 411 3136 τούς
428 3080 581 3142 πολεμίους
598 3081 641 3146 τῷ
662 3079 732 3149 θεῷ

194 3149 329 3215 εἰρῆσθαι
344 3143 376 3198 τὸ
396 3163 576 3215 χρηστηριον.
597 3177 631 3188 -
656 3153 732 3216 Quae

193 3227 358 3286 sequuntur,
383 3220 478 3284 attigit
499 3219 590 3272 Sebol.
616 3222 730 3274 Aristid.

192 3306 255 3355 pag.
268 3288 473 3352 necessumst.
511 3291 553 3340 sd
569 3292 655 3355 ipsam
671 3307 730 3342 ora·

192 3359 259 3421 culi,
278 3373 359 3423 quem
374 3357 450 3410 dedit
463 3359 675 3423 Themistocles,
692 3364 732 3412 in-

192 3427 431 3493 terpretationem,
443 3431 516 3480 cous.
531 3429 669 3480 Plutarch.
685 3432 700 3480 1.
713 3431 731 3484 l.

192 3497 307 3562 csp.10.
324 3497 452 3562 Polyeeu.
465 3499 493 3562 1,
509 3499 552 3550 30.
568 3500 647 3550 Corn.
661 3501 730 3566 Nep.

193 3567 326 3617 Themist.
347 3571 362 3615 ‘2
387 3565 446 3631 (ubi
467 3569 544 3631 plura
563 3569 658 3619 attulit
676 3587 730 3622 vau

192 3634 347 3698 Stavereu).
366 3635 465 3686 lustin.
481 3638 518 3700 11,
534 3637 565 3688 12
578 3639 639 3688 coll.
649 3639 730 3689 Clau·

192 3705 266 3755 dian.
303 3707 345 3754 De
363 3705 452 3754 Mallii
471 3705 605 3758 Theodor.
627 3708 731 3760 cousul.

195 3777 251 3826 150.
282 3775 376 3839 Neque
397 3773 450 3825 huc
478 3791 531 3825 non
549 3776 618 3826 lecit
642 3778 731 3828 simile

192 3843 330 3894 oraculum
349 3843 471 3906 Siphniis
489 3846 640 3896 exhibitum
659 3848 731 3912 apud

191 3915 294 3967 Herod.
310 3913 368 3974 111,
383 3915 425 3965 57.
440 3913 482 3964 58.

211 4006 436 4084 συλλαμβάνοντι
445 4007 515 4064 κατά
523 4005 554 4063 τὸ
562 4005 668 4080 ὀρθὸν]
679 4019 696 4066 i.
704 4033 728 4070 e.

192 4092 216 4140 εί
227 4091 282 4154 puis
294 4093 363 4138 recte
375 4083 405 4148 (i.
418 4101 441 4136 e.
455 4084 601 4136 secuudum
610 4085 646 4146 id,
658 4087 730 4150 quod

192 4163 296 4208 rectum
307 4154 451 4219 verumque
462 4154 515 4214 eat)
527 4155 655 4218 intellipat.
672 4158 691 4203 V
696 4157 731 4206 nl.

193 4225 302 4276 lliibuer
315 4223 414 4274 Geor.
426 4223 592 4286 §.581,a,et
604 4223 636 4274 de
649 4225 731 4275 verbo

193 4286 398 4358 συλλαμβάνειν
414 4297 483 4343 nott.
499 4293 532 4342 sd
548 4293 574 4355 1,
588 4293 630 4343 68.

227 4387 314 4460 ταύτῃ
341 4393 544 4460 Θεμιστοκλέος
571 4385 731 4460 ἀποφαινο-

783 2598 846 2647 durn
861 2590 955 2661 ἔλεγον
967 2599 1011 2650 vel
1023 2597 1110 2649 simile
1125 2598 1197 2662 quid.
1214 2599 1324 2648 Etenim

782 2673 862 2717 vates
870 2681 892 2717 s.
900 2667 1326 2732 oraculoruminterpretesAthe-

782 2735 923 2786 aiensibus
950 2736 1146 2787 dissuadebant
1171 2731 1235 2800 (οὐκ
1255 2729 1323 2800 ἔστι)

782 2809 946 2869 apparatum
963 2821 1075 2872 pugnae
1096 2805 1202 2856 navalis
1219 2805 1325 2856 incien-

783 2874 862 2936 durn,
875 2876 924 2924 sed
933 2891 1048 2926 ευπικιαπι
1061 2877 1100 2925 rei
1114 2879 1139 2925 in
1151 2889 1181 2925 en
1195 2877 1262 2925 serti
1280 2875 1325 2924 di·

781 2943 894 3005 cebant,
914 2953 940 2994 αι
957 2961 988 2995 ne
1006 2961 1092 2995 manus
1112 2946 1207 3010 quidese
1223 2943 1269 3010 (ad
1282 2960 1325 2994 re·

781 3013 921 3077 pellendos
945 3013 1053 3076 ironice,
1076 3016 1123 3080 qui
1140 3015 1262 3064 invasuri
1280 3031 1326 3063 es-

781 3082 853 3147 seut)
864 3084 989 3146 tollerent,
999 3085 1046 3134 sed
1054 3081 1126 3134 tsrrd
1139 3083 1224 3134 Arucci
1234 3083 1324 3132 relicui

781 3154 857 3201 αίίσυι
874 3151 923 3202 eidi
936 3161 1088 3217 quaererent
1106 3161 1213 3216 terrani,
1234 3155 1259 3202 in
1272 3170 1324 3218 qna

780 3222 853 3270 sedes
864 3231 995 3283 ponerent.
1019 3224 1061 3272 Tu
1074 3223 1128 3275 vid.
1143 3223 1279 3273 Kuelrner.
1295 3227 1321 3286 ᾗ.

780 3291 846 3352 652,
864 3292 890 3340 2.
920 3292 991 3342 Vere
1011 3291 1113 3355 videri,
1133 3308 1203 3358 quae
1217 3293 1251 3342 ab
1268 3291 1324 3343 He·

781 3359 877 3410 reduto
888 3361 1040 3424 traduntur,
1055 3363 1215 3426 pronuntiat
1223 3360 1321 3412 Grcte:

781 3429 896 3494 History
913 3430 943 3479 οί
958 3431 1060 3480 Greece
1085 3431 1116 3480 V.
1139 3446 1200 3495 ρος.
1222 3432 1270 3493 81,
1296 3433 1320 3481 si

779 3499 885 3563 quidem
905 3499 992 3548 omnis
1008 3499 1076 3549 baec
1090 3498 1251 3550 deliberatio
1270 3517 1322 3563 pu·

780 3567 851 3618 blice
873 3567 968 3617 habita
989 3575 1032 3617 eat
1056 3568 1169 3632 eiusque
1194 3569 1321 3619 notitiam

780 3637 880 3686 Noster
898 3637 1038 3701 accepisse
1064 3637 1200 3702 putandus
1220 3642 1263 3688 est
1284 3639 1321 3686 cb

780 3719 833 3754 uno
849 3721 957 3769 eorum,
982 3707 1029 3771 qui
1047 3707 1236 3756 interfuerant.
1265 3708 1320 3757 Pro

781 3773 941 3838 ναυμαχίην
960 3769 1113 3836 ἀρτέεσθαι
1138 3775 1186 3840 (ad
1198 3779 1322 3838 proelium

781 3847 870 3893 πανοίε
895 3859 923 3893 se
945 3860 1060 3908 parare,
1089 3845 1232 3910 corrupere)
1264 3847 1322 3896 Nc·

781 3917 838 3962 stro
864 3913 982 3963 seribere
1013 3929 1121 3980 quoque
1148 3914 1257 3965 licuisse
1292 3907 1321 3972 ἐς

781 3979 943 4046 ναυμαχίην
966 3978 1118 4046 ἀρτέεσθαι
1141 3989 1206 4048 apte
1230 3985 1322 4035 obser-

780 4057 829 4101 vat
838 4051 1112 4116 Schweighaeuserus
1124 4054 1274 4118 respiciens
1285 4055 1320 4104 nd

780 4121 863 4180 VllI,
882 4121 929 4184 91,
951 4122 998 4171 ubi
1016 4123 1129 4186 legimus
1152 4117 1265 4184 άρτίετο
1285 4113 1322 4180 ἐς

782 4183 922 4253 πόλεμον,
942 4189 1002 4241 οο11.
1025 4193 1062 4251 V,
1081 4191 1127 4254 20,
1151 4191 1199 4241 ubi
1215 4192 1320 4256 simpli-

781 4273 838 4308 cem
853 4259 1016 4309 infinitivum
1031 4261 1094 4310 liuic
1113 4261 1196 4310 verbo
1211 4261 1322 4312 adstru-

782 4329 836 4389 xit,
856 4329 1079 4393 quemadmodum
1095 4329 1177 4381 verbo
1189 4324 1322 4394 άναρτίε-

781 4396 851 4446 σθαι
870 4399 933 4462 Vll,
949 4400 976 4452 8.
996 4402 1020 4462 ξ.
1040 4399 1064 4450 3.
1084 4398 1251 4464 V1,8e.1,
1273 4401 1318 4454 90.
