3062 4976
601 359 778 424 ΕΕΑΤΟ.
801 364 854 426 VI.
879 374 939 430 127.

1273 363 1335 430 1117

201 541 303 628 μέτρα
325 534 523 626 ποιήσαντος
541 544 841 628 Πελοποννησίοισι
856 542 911 608 καὶ
925 535 1126 628 ὑβρίσαντος
1138 545 1276 630 μέγιστα
1291 541 1333 634 δὴ

124 795 126 800 ,
200 741 277 794 datio
291 739 455 804 recipiatur,
472 739 590 790 maxima
603 741 747 793 exoriatur,

201 819 350 877 temporum
363 809 495 859 turbatio.
520 807 685 860 Gronovium
700 828 741 863 se·

201 883 293 948 quitur
308 879 463 930 [anscherus
485 879 597 945 ipseque
618 879 742 931 Gaisior-

201 953 274 1014 dius,
289 950 338 1016 qui
352 949 486 1012 „Rectc,“
501 950 550 1024 ait,
565 949 739 1012 „Gronovius

200 1021 321 1082 iudicat,
333 1034 426 1069 vocem
436 1012 583 1082 duoyovor
594 1021 738 1072 excidisse.

199 1088 663 1154 Vid.MusgraviiDiss.p.178ssq.
675 1092 740 1140 Por·

199 1177 256 1212 son.
271 1161 364 1210 Tract.
383 1175 409 1223 p.
423 1157 482 1208 325.
492 1158 509 1183 “
541 1159 738 1226 Wesselingius

198 1230 328 1280 Palmerii
351 1232 434 1294 atque
459 1226 591 1278 Gronovii
615 1231 740 1281 emenda·

198 1301 299 1350 tionem
313 1299 419 1348 laudari
430 1296 552 1362 quidem,
574 1299 621 1349 sed
634 1305 752 1350 certam*

198 1370 332 1436 praestari
349 1366 420 1417 haud
436 1381 515 1431 posse
529 1367 642 1418 iudicat.
670 1369 738 1420 Mihi

198 1440 289 1504 placet
304 1437 333 1488 (l.
351 1437 382 1486 0.
397 1435 519 1488 Muelleri
538 1439 675 1488 sententia
686 1443 738 1490 Ae-

198 1511 294 1574 gInett.
314 1523 374 1571 pag.
388 1507 423 1557 60
438 1521 513 1571 seqq.
531 1506 604 1572 (coll.
619 1509 670 1558 Die
685 1509 740 1559 Do-

198 1595 240 1630 rer
248 1579 318 1642 Il.p.
330 1575 390 1640 108)
402 1576 453 1626 hus
464 1578 584 1627 virorum
596 1577 738 1628 doctorum

197 1647 400 1700 emendationes
413 1647 506 1696 statim
521 1661 552 1696 eo
566 1647 654 1697 refelli
671 1653 738 1699 seri·

197 1720 301 1778 bentis,
316 1716 387 1782 quod
399 1717 531 1766 continuo
545 1716 657 1782 legitur:
674 1710 738 1768 τοιὶ-

196 1801 249 1836 του
263 1782 299 1850 ὃή
312 1786 396 1847 παῖς,
411 1800 570 1850 omnemque
585 1789 667 1836 etlam
684 1805 740 1839 ma-

197 1873 258 1908 num
273 1857 398 1906 criticam
411 1856 462 1904 loci
474 1855 563 1906 colore
574 1855 692 1920 ingenue
705 1873 736 1909 ac

198 1928 291 1978 nativo
315 1926 457 1976 removeri.
498 1926 597 1990 Itaque
615 1927 737 1978 Herodo-

196 2005 252 2047 tum
266 1994 407 2046 contendit
427 2011 481 2045 non
496 1996 666 2058 mendosum,
690 1999 737 2048 sed

196 2067 305 2128 laisum,
317 2066 489 2115 historiarum
498 2065 678 2130 Peloponnesi
688 2070 737 2118 mi·

197 2153 247 2188 nus
269 2149 381 2200 gnarum
402 2135 532 2186 Leoeedis
552 2141 673 2200 putrem,
690 2139 735 2188 eui

196 2213 224 2258 et
239 2207 290 2271 ipsi
309 2203 546 2262 nomenPhidom's,
561 2205 659 2257 elama
670 2223 736 2271 qua-

196 2276 258 2326 dam
274 2277 390 2326 obseura
411 2291 471 2325 eum
488 2277 637 2341 antiquiori
650 2283 733 2342 atque

196 2346 337 2396 illustriori
355 2343 401 2394 illo
414 2343 535 2396 Phidone
554 2351 733 2410 permutasse.

196 2417 276 2466 Hune
297 2417 351 2466 lere
365 2414 513 2466 Phidonem
530 2415 601 2466 idem
618 2433 681 2482 pag.
699 2417 733 2468 63

196 2487 294 2535 statuit
309 2485 382 2535 eirca
393 2484 500 2550 Olymp.
515 2486 559 2536 111
574 2486 733 2537 Corinthum

195 2571 227 2606 ae
239 2561 334 2622 postea
344 2556 470 2605 maiorem
477 2555 660 2620 Peloponnesi
672 2573 736 2623 par-

195 2632 249 2675 tem
260 2625 312 2676 sibi
322 2625 471 2692 subegisse,
479 2625 586 2690 Olymp.
594 2627 661 2676 VIII
672 2643 735 2692 sgo-

194 2695 318 2746 uothetas
336 2694 417 2745 Eleos
441 2695 592 2761 pepulisse,
618 2697 735 2763 denique

195 2765 298 2830 legibus
324 2764 406 2820 latis,
430 2767 563 2816 mensuris
590 2766 734 2830 institutis,

195 2836 281 2885 numis
299 2837 372 2885 cusis
391 2835 463 2885 eirca
477 2835 583 2900 Olymp.
601 2837 639 2886 XI
654 2853 670 2886 a
681 2839 734 2886 La-

194 2905 373 2954 cedaemoniis
387 2921 445 2956 esse
458 2921 589 2956 eversum.
615 2908 672 2958 Nsc
684 2906 734 2956 ali·

193 2981 234 3025 ter
255 2975 312 3026 lere
329 2975 412 3024 Henr.
431 2975 543 3025 Fischer
564 2975 732 3026 1111101111-

194 3045 248 3108 giv.
259 3045 393 3108 Fragmm.
405 3045 434 3094 P.
444 3046 465 3094 1.
480 3044 640 3106 (Vratislav.
653 3046 730 3106 1650)

193 3131 219 3179 p.
238 3115 340 3165 36-41
358 3115 430 3164 intra
448 3115 604 3180 Olympiad.
622 3117 636 3166 1
651 3121 678 3166 ct
693 3117 731 3166 IX

192 3199 318 3248 regnasse
331 3186 438 3238 statuit.
459 3187 553 3246 Neque
564 3185 627 3236 inde
639 3186 730 3237 defue-

193 3258 269 3312 runt,
292 3255 338 3319 qni
359 3255 492 3319 duplicem
507 3255 654 3306 Phidonem
673 3261 730 3305 sta·

193 3329 317 3386 tuerent,
327 3323 441 3375 alterum
452 3327 580 3376 maiorem
591 3330 657 3375 natu
668 3339 730 3374 eun-

193 3395 305 3458 demque
324 3394 404 3458 longe
421 3395 642 3455 celeberrimum,
664 3395 730 3445 alte-

192 3479 249 3513 rum
263 3464 349 3514 minus
364 3465 514 3528 celebrem,
533 3466 666 3517 Leoeedis
683 3483 729 3530 pa-

191 3539 258 3583 trem
286 3539 314 3584 el
339 3533 485 3585 Clisthenis
516 3536 599 3586 lerme
629 3551 730 3600 aequa·

191 3602 252 3652 lem.
264 3602 350 3654 Aliam
367 3605 438 3654 viem
456 3605 519 3655 iniit
534 3605 730 3655 Weissenborn

192 3671 309 3738 (Hellen.
325 3690 350 3739 p.
369 3675 398 3724 15
413 3674 518 3740 seqq),
535 3675 684 3726 Phidonem
697 3675 730 3724 11-

191 3742 244 3792 1ιιιιι
269 3759 322 3794 non
342 3743 377 3793 ad
395 3745 500 3810 Olymp.
521 3745 604 3803 VIII,
631 3744 678 3796 sed
694 3747 729 3796 ad

191 3813 269 3877 longe
283 3816 435 3878 posteriora
451 3820 575 3880 tempora
588 3814 730 3880 Olympia-

190 3881 728 3950 disfermeduodetricesimum(siveann.

190 3951 240 4001 668
256 3957 320 4003 ania
332 3953 393 4004 Chr.
409 3954 448 4019 ιι.)
467 3956 602 4020 pertinere
616 3959 729 4007 conten-

191 4021 272 4080 dens:
291 4023 383 4088 inquo
397 4025 436 4074 illi
449 4040 578 4077 assensus
592 4032 634 4075 est
648 4027 678 4076 C.
694 4028 726 4078 F.

192 4091 339 4142 Hermann:
364 4095 510 4148 Verhandl.
530 4094 556 4146 d.
575 4095 727 4162 Philologq.

192 4176 224 4210 au
235 4161 585 4232 altenburg.pag.llseqq.
598 4171 681 4232 atque
695 4183 727 4218 ex

192 4235 268 4293 parte
284 4249 390 4299 quoqne
402 4235 511 4302 Maehly
530 4235 637 4297 (Rhein.
656 4239 726 4288 Mus.

192 4300 224 4349 N.
243 4303 273 4351 P.
289 4303 336 4352 lx.
357 4319 418 4369 pag.
436 4307 489 4358 614
506 4305 611 4372 seqq),
634 4309 679 4374 qui
694 4307 728 4356 sd

192 4370 377 4436 Olympiadem
388 4375 554 4426 tricesimam
563 4379 673 4428 tertiam
684 4378 729 4428 de-

192 4441 297 4493 seendit
310 4441 378 4508 (sias
388 4445 440 4499 646
448 4451 513 4498 ante
523 4446 585 4502 Chr.
594 4447 645 4514 n),
660 4447 729 4500 adeo

792 744 823 790 nt
836 740 914 792 huius
932 740 1003 792 lilius
1017 741 1154 794 Leoeedes
1167 743 1203 795 ad
1215 743 1333 798 Clisthe-

793 826 852 862 nem
874 827 946 861 anno
966 810 1017 863 584
1035 817 1098 863 ante
1115 811 1177 868 Chr.
1194 830 1221 864 n.
1237 831 1332 880 perve-

791 881 850 930 nire
864 881 991 946 potnerit
1022 881 1099 943 Quod
1113 887 1259 952 utrumque
1271 903 1331 937 enm

790 951 871 1001 nimis
886 951 1022 1002 recedata
1032 957 1153 1003 veterum
1167 957 1330 1020 scriptorum
1349 1005 1354 1016 ,

791 1021 953 1071 testimoniis
965 1021 997 1071 de
1006 1019 1136 1074 Phidonis
1147 1029 1250 1086 aetate,
1261 1043 1331 1093 quae

790 1089 826 1139 ad
838 1089 917 1156 longe
931 1091 1088 1156 antiquiora
1102 1099 1225 1159 tempora
1239 1095 1331 1161 Olym-

791 1161 880 1224 piadis
895 1161 976 1211 ferme
991 1167 1106 1212 octavae
1119 1163 1194 1214 cirea
1203 1181 1266 1215 ann.
1278 1169 1330 1218 748

790 1233 854 1279 ante
871 1229 933 1280 Chr.
949 1245 975 1280 n.
989 1231 1136 1296 releganda
1150 1239 1192 1284 est
1213 1233 1278 1300 (vid.
1295 1239 1328 1288 Ε.

790 1299 833 1348 W.
851 1299 977 1350 Fischer:
1003 1301 1111 1354 Griech.
1130 1303 1243 1356 Zeittal.
1264 1321 1325 1370 pag.

789 1367 850 1433 65),
863 1368 954 1418 malim
968 1371 1091 1434 equidem
1107 1370 1142 1421 sd
1154 1373 1183 1422 O.
1198 1374 1230 1427 Ο.
1244 1375 1329 1425 Muel-

788 1438 839 1488 leri
855 1439 1019 1490 senteutiam
1039 1441 1143 1500 redire,
1166 1459 1235 1507 quae
1255 1449 1328 1494 certa

789 1508 957 1572 probabilior
969 1524 1028 1559 esse
1038 1511 1155 1561 videtur.
1172 1515 1267 1576 Neque
1279 1513 1328 1563 ali-

790 1590 831 1628 ter
844 1577 876 1628 de
886 1579 927 1628 bis
938 1583 1094 1630 statuerunt
1104 1581 1202 1632 Grote:
1214 1583 1328 1647 History

789 1647 819 1698 ol
831 1647 933 1699 Graece
949 1649 999 1698 Ill.
1020 1665 1046 1714 p.
1061 1650 1094 1702 53
1114 1655 1142 1700 et
1155 1651 1327 1703 Wiedmann:

787 1708 878 1768 Ueber
891 1719 934 1768 die
947 1719 1172 1784 Regierungszeit
1183 1721 1230 1773 des
1245 1724 1329 1773 Kree-

788 1803 834 1838 sus
855 1803 915 1852 pag.
929 1791 971 1838 24.
987 1815 1021 1825 —-
1045 1791 1097 1852 Qui
1114 1791 1243 1842 Leocerles
1261 1792 1286 1843 h.
1307 1791 1326 1842 1.

786 1862 917 1916 vocatur,
936 1874 952 1908 ιι
969 1859 1108 1910 Pausania
1122 1866 1238 1911 vocatur
1253 1864 1328 1912 heci-

785 1929 845 1987 des,
858 1927 1030 1978 aPhrtarcho
1042 1928 1089 1992 (11.
1103 1947 1166 1995 pag.
1175 1929 1259 1993 8911.)
1271 1935 1326 1982 Λιι-

783 1989 882 2059 uuidere,
894 2001 923 2046 ut
934 1998 1111 2061 probabiliter
1119 2000 1327 2065 ponitWytten-

785 2065 862 2118 bach.
882 2068 909 2115 iu
928 2067 1132 2118 Aniruadverss.
1155 2069 1189 2119 ad
1206 2068 1232 2119 h.
1252 2069 1268 2119 1.
1296 2071 1325 2134 (a

784 2137 831 2188 Or.
851 2135 998 2200 excitatus)
1012 2153 1073 2201 pag.
1087 2138 1147 2188 0⁵25.
1177 2141 1208 2188 In
1224 2140 1325 2190 Pausa-

784 2207 845 2255 niae
860 2204 919 2256 loeo
929 2206 966 2268 11,
982 2208 1022 2259 111.
1035 2211 1059 2270 5.
1071 2209 1086 2256 2
1097 2207 1168 2272 quud
1182 2207 1324 2273 legebatur

784 2273 926 2338 Auas'dau,
940 2278 1110 2340 nuperrimus
1127 2277 1224 2340 editor,
1241 2278 1324 2328 Schu-

785 2346 860 2408 bart,
877 2345 994 2396 mutarit
1006 2347 1034 2396 in
1046 2339 1181 2409 Λακήδου
1199 2346 1283 2412 (conf.
1295 2364 1321 2412 p.

784 2413 862 2480 3⁸22);
881 2415 928 2480 qui
941 2415 973 2466 de
987 2415 1037 2465 hoe
1050 2416 1157 2466 nomine
1170 2415 1323 2480 disputavit

784 2485 976 2535 Weissenborn
995 2485 1046 2535 1.1.
1067 2501 1130 2552 pag.
1152 2486 1192 2536 16.
1209 2489 1257 2546 25,
1277 2503 1323 2537 re-

784 2571 842 2604 rum
854 2571 950 2604 nomen
965 2554 1051 2606 fuisse
1065 2556 1215 2606 arbitratur
1230 2548 1322 2620 Λακή-

783 2623 837 2682 du:
850 2624 894 2678 rel
907 2625 1005 2676 Dorice
1014 2619 1155 2682 Λακάδας.

817 2691 869 2742 τοῦ
887 2687 921 2742 τὰ
940 2690 1026 2757 μέτρα
1044 2689 1218 2759 ποιήσαντος
1236 2692 1323 2744 Πελο-

783 2761 977 2829 ποννησίοισι]
997 2765 1124 2815 Eiusdem
1137 2765 1177 2816 rei
1188 2763 1266 2814 fidem
1283 2766 1323 2814 la-

783 2836 859 2884 ciuut
872 2833 970 2884 Strabo
985 2835 1063 2896 VIII.
1080 2850 1142 2900 pag.
1156 2833 1207 2884 358
1221 2851 1243 2887 s.
1260 2835 1320 2888 546.

781 2904 846 2972 Plin
874 2905 909 2954 Η.
927 2905 961 2958 Ν.
981 2905 1049 2968 Vll,
1071 2905 1104 2953 57
1128 2903 1194 2969 (56).
1222 2903 1321 2958 Isidor.

784 2975 877 3040 OrIgg.
891 2975 969 3036 xvl,
983 2977 1031 3034 24,
1052 2973 1099 3024 elii
1117 2991 1133 3024 a
1147 2974 1178 3026 C.
1193 2973 1225 3025 Ο.
1236 2974 1324 3024 Muel-

783 3045 839 3094 lero
858 3044 973 3095 excitati
992 3044 1010 3094 1.
1033 3043 1052 3095 1.
1073 3059 1134 3110 pag.
1156 3043 1203 3100 56,
1226 3043 1273 3107 qui
1294 3044 1322 3093 in

784 3115 939 3165 universum
954 3114 997 3164 his
1010 3113 1173 3164 testimoniis
1190 3113 1322 3165 declarari

781 3185 855 3246 vult,
871 3184 1018 3234 Phidonem
1032 3185 1147 3246 primum
1162 3183 1262 3244 luisse,
1276 3187 1323 3248 qui

781 3271 863 3306 unum
884 3255 1008 3319 idemque
1023 3269 1107 3316 genus
1125 3269 1321 3315 mensurarum,

779 3325 941 3388 ponderum,
959 3322 1096 3373 modorum
1112 3339 1158 3388 per
1174 3329 1259 3374 totam
1274 3324 1322 3374 Pe-

779 3395 957 3460 loponnesum
971 3392 1162 3456 introduxerit,
1176 3394 1260 3458 etqui
1273 3409 1320 3444 nu-

781 3480 883 3515 morum
904 3464 1057 3514 instituerit
1070 3464 1203 3515 rationem
1218 3480 1234 3513 a
1244 3463 1321 3513 Pelo-

780 3534 921 3600 ponnesiis
938 3542 1024 3584 ratam
1038 3533 1168 3584 habitam.
1198 3535 1275 3595 Quae
1288 3533 1321 3584 de

780 3604 912 3655 mensuris
927 3621 943 3655 ιι
956 3601 1080 3655 Phidcne
1091 3605 1250 3654 constitutis
1266 3609 1321 3654 tra-

780 3675 894 3737 duntur,
911 3674 1057 3725 coniuncta
1071 3675 1268 3726 ridentureum
1284 3673 1322 3724 al-

780 3751 839 3796 tero
853 3746 910 3797 eius
924 3746 1051 3809 invento,
1066 3760 1118 3806 quo
1133 3747 1230 3796 numos
1243 3744 1277 3793 ab
1288 3759 1319 3794 eo

781 3817 895 3882 primum
909 3831 989 3868 cusos
1003 3831 1051 3881 per
1064 3817 1207 3866 Graeciam
1219 3815 1318 3876 lerunt,

780 3886 858 3937 cuins
871 3887 978 3952 quidem
991 3887 1096 3937 iuranti
1107 3885 1173 3949 (vid.
1184 3885 1320 3935 Weissen-

779 3957 846 4007 born
860 3956 879 4006 1.
895 3955 912 4006 1.
926 3972 991 4023 pag.
1006 3957 1040 4008 66
1051 3956 1139 4024 seqq.)
1154 3956 1253 4007 nullam
1265 3955 1319 4004 No-

779 4033 835 4080 ster
847 4027 873 4080 1ι.
884 4027 902 4078 1.
914 4027 981 4078 lecit
994 4027 1165 4080 mentionem.
1192 4027 1233 4076 Dc
1247 4039 1319 4072 men-

779 4101 851 4149 suris
870 4099 936 4163 quid
954 4099 1042 4149 Phido
1060 4096 1247 4153 constituerit,
1265 4092 1318 4143 dis·

780 4169 895 4234 quisivit
913 4171 1038 4221 Boeckh:
1063 4169 1204 4228 Metroloq.
1220 4166 1319 4215 Uuter-

779 4239 929 4306 suchungg.
953 4255 1015 4304 paq.
1033 4242 1066 4289 77
1084 4255 1157 4304 seqq.
1176 4238 1226 4286 282
1241 4251 1318 4300 seqq.

779 4311 898 4376 itemque
916 4311 1109 4363 Weissenborn
1126 4309 1143 4359 1.
1162 4308 1181 4358 1.
1203 4321 1264 4372 pag.
1286 4305 1319 4355 75

780 4395 854 4447 seqq.
885 4381 966 4433 Unde
980 4381 1007 4433 id
1020 4386 1125 4432 tantum
1139 4379 1190 4431 hoc
1206 4378 1267 4428 loeo
1282 4381 1320 4427 te-

781 4453 838 4504 neri
850 4451 990 4520 volumus,
1010 4467 1151 4504 mensuras
1168 4447 1320 4504 aPhidone
