<?xml version="1.0" encoding="UTF-8"?>
<!DOCTYPE html PUBLIC "-//W3C//DTD XHTML 1.0 Transitional//EN"
    "http://www.w3.org/TR/xhtml1/DTD/xhtml1-transitional.dtd">
<html xmlns="http://www.w3.org/1999/xhtml" xml:lang="en" lang="en">
 <head>
  <title>
</title>
<meta http-equiv="Content-Type" content="text/html;charset=utf-8" />
  <meta name='ocr-system' content='tesseract 3.04.00' />
  <meta name='ocr-capabilities' content='ocr_page ocr_carea ocr_par ocr_line ocrx_word'/>
</head>
<body>
  <div class='ocr_page' id='page_1' title='image "./herodotihalicar01bhgoog_0580.png"; bbox 0 0 3054 4972; ppageno 0'>
   <div class='ocr_carea' id='block_1_1' title="bbox 487 373 1310 439">
    <p class='ocr_par' dir='ltr' id='par_1_1' title="bbox 487 373 1310 439">
     <span class='ocr_line' id='line_1_1' title="bbox 487 373 1310 439; baseline -0.002 -1"><span class='ocrx_word' id='word_1_1' title='bbox 487 375 763 438; x_wconf 84' lang='lat' dir='ltr'><strong>POLYMNIA.</strong></span> <span class='ocrx_word' id='word_1_2' title='bbox 786 377 858 438; x_wconf 91' lang='lat' dir='ltr'><strong>VII.</strong></span> <span class='ocrx_word' id='word_1_3' title='bbox 880 381 1001 439; x_wconf 78' lang='lat' dir='ltr'><strong>&#39;it-76.</strong></span> <span class='ocrx_word' id='word_1_4' title='bbox 1249 373 1310 436; x_wconf 80' lang='lat'><strong>563</strong></span> 
     </span>
    </p>
   </div>
   <div class='ocr_carea' id='block_1_2' title="bbox 178 544 1357 948">
    <p class='ocr_par' dir='ltr' id='par_1_2' title="bbox 178 544 1357 948">
     <span class='ocr_line' id='line_1_2' title="bbox 179 544 1309 636; baseline -0.002 -18"><span class='ocrx_word' id='word_1_5' title='bbox 179 546 275 620; x_wconf 79' lang='grc' dir='ltr'><strong><em>αὐτοὶ</em></strong></span> <span class='ocrx_word' id='word_1_6' title='bbox 290 552 443 636; x_wconf 80' lang='grc' dir='ltr'><strong><em>λέγουσι,</em></strong></span> <span class='ocrx_word' id='word_1_7' title='bbox 466 548 692 636; x_wconf 81' lang='grc' dir='ltr'><strong><em>Στρυμόνιοι,</em></strong></span> <span class='ocrx_word' id='word_1_8' title='bbox 713 551 878 628; x_wconf 79' lang='grc' dir='ltr'><strong><em>οἰκέοντες</em></strong></span> <span class='ocrx_word' id='word_1_9' title='bbox 897 548 951 617; x_wconf 78' lang='grc' dir='ltr'><strong>ἐπὶ</strong></span> <span class='ocrx_word' id='word_1_10' title='bbox 965 544 1155 635; x_wconf 80' lang='grc' dir='ltr'><strong><em>Στρυμόνι·</em></strong></span> <span class='ocrx_word' id='word_1_11' title='bbox 1193 549 1309 629; x_wconf 81' lang='grc' dir='ltr'><strong><em>ἐξανα-</em></strong></span> 
     </span>
     <span class='ocr_line' id='line_1_3' title="bbox 179 649 1308 742; baseline -0.002 -20"><span class='ocrx_word' id='word_1_12' title='bbox 179 660 296 742; x_wconf 80' lang='grc' dir='ltr'><strong><em>στῆναι</em></strong></span> <span class='ocrx_word' id='word_1_13' title='bbox 311 657 351 722; x_wconf 79' lang='grc' dir='ltr'><em>ὁέ</em></span> <span class='ocrx_word' id='word_1_14' title='bbox 363 673 445 740; x_wconf 82' lang='grc' dir='ltr'><strong><em>φασι</em></strong></span> <span class='ocrx_word' id='word_1_15' title='bbox 459 655 492 736; x_wconf 79' lang='grc' dir='ltr'><strong>ἐξ</strong></span> <span class='ocrx_word' id='word_1_16' title='bbox 507 650 621 740; x_wconf 76' lang='grc' dir='ltr'><strong><em>ἠθέων</em></strong></span> <span class='ocrx_word' id='word_1_17' title='bbox 635 649 701 722; x_wconf 85' lang='grc' dir='ltr'><strong>ὑπὸ</strong></span> <span class='ocrx_word' id='word_1_18' title='bbox 722 657 880 742; x_wconf 80' lang='grc' dir='ltr'><strong><em>Τευκριόν</em></strong></span> <span class='ocrx_word' id='word_1_19' title='bbox 897 678 932 720; x_wconf 84' lang='grc' dir='ltr'><strong>τε</strong></span> <span class='ocrx_word' id='word_1_20' title='bbox 952 652 1007 719; x_wconf 80' lang='grc' dir='ltr'><strong>καὶ</strong></span> <span class='ocrx_word' id='word_1_21' title='bbox 1021 654 1164 718; x_wconf 78' lang='grc' dir='ltr'><strong><em>Μυσῶν.</em></strong></span> <span class='ocrx_word' id='word_1_22' title='bbox 1206 657 1308 738; x_wconf 84' lang='grc' dir='ltr'><strong><em>Θρηΐ·</em></strong></span> 
     </span>
     <span class='ocr_line' id='line_1_4' title="bbox 179 747 1357 846; baseline 0 -19"><span class='ocrx_word' id='word_1_23' title='bbox 179 784 249 827; x_wconf 78' lang='grc' dir='ltr'><strong><em>τισιν</em></strong></span> <span class='ocrx_word' id='word_1_24' title='bbox 264 757 299 826; x_wconf 76' lang='grc' dir='ltr'><strong>δὲ</strong></span> <span class='ocrx_word' id='word_1_25' title='bbox 321 759 446 824; x_wconf 80' lang='grc' dir='ltr'><strong><em>τῶν-ἐν</em></strong></span> <span class='ocrx_word' id='word_1_26' title='bbox 466 762 506 846; x_wconf 74' lang='grc' dir='ltr'><strong>τῇ</strong></span> <span class='ocrx_word' id='word_1_27' title='bbox 520 753 612 846; x_wconf 70' lang='grc' dir='ltr'><strong>Ἀσίῃ</strong></span> <span class='ocrx_word' id='word_1_28' title='bbox 630 747 711 845; x_wconf 80' lang='grc' dir='ltr'><strong><em>ἦρχε</em></strong></span> <span class='ocrx_word' id='word_1_29' title='bbox 724 756 899 843; x_wconf 77' lang='grc' dir='ltr'><strong><em>Βασσάκης</em></strong></span> <span class='ocrx_word' id='word_1_30' title='bbox 920 750 937 824; x_wconf 90' lang='grc' dir='ltr'>ὁ</span> <span class='ocrx_word' id='word_1_31' title='bbox 957 751 1162 842; x_wconf 79' lang='grc' dir='ltr'><strong><em>Ἀρταβάνου</em></strong></span> <span class='ocrx_word' id='word_1_32' title='bbox 1176 803 1307 822; x_wconf 80' lang='grc'><strong>........</strong></span> <span class='ocrx_word' id='word_1_33' title='bbox 1317 767 1357 827; x_wconf 80' lang='lat' dir='ltr'><strong>ro</strong></span> 
     </span>
     <span class='ocr_line' id='line_1_5' title="bbox 178 856 1306 948; baseline -0.002 -20"><span class='ocrx_word' id='word_1_34' title='bbox 178 858 322 940; x_wconf 74' lang='grc' dir='ltr'><strong><em>ἀσπίδας</em></strong></span> <span class='ocrx_word' id='word_1_35' title='bbox 338 860 375 928; x_wconf 75' lang='grc' dir='ltr'><strong>δὲ</strong></span> <span class='ocrx_word' id='word_1_36' title='bbox 395 856 583 948; x_wconf 74' lang='grc' dir='ltr'><strong><em>ὠμοβοΐνας</em></strong></span> <span class='ocrx_word' id='word_1_37' title='bbox 599 858 688 945; x_wconf 77' lang='grc' dir='ltr'><strong><em>εἶχον</em></strong></span> <span class='ocrx_word' id='word_1_38' title='bbox 706 857 863 948; x_wconf 80' lang='grc' dir='ltr'><strong><em>σμικρός,</em></strong></span> <span class='ocrx_word' id='word_1_39' title='bbox 885 859 940 926; x_wconf 83' lang='grc' dir='ltr'><strong>καὶ</strong></span> <span class='ocrx_word' id='word_1_40' title='bbox 962 857 1148 944; x_wconf 75' lang='grc' dir='ltr'><strong><em>προβόλους</em></strong></span> <span class='ocrx_word' id='word_1_41' title='bbox 1164 857 1226 926; x_wconf 76' lang='grc' dir='ltr'><strong>δύο</strong></span> <span class='ocrx_word' id='word_1_42' title='bbox 1247 865 1306 926; x_wconf 80' lang='lat' dir='ltr'><strong>iv-</strong></span> 
     </span>
    </p>
   </div>
   <div class='ocr_carea' id='block_1_3' title="bbox 165 1017 1317 4503">
    <p class='ocr_par' dir='ltr' id='par_1_3' title="bbox 165 1017 1314 2900">
     <span class='ocr_line' id='line_1_6' title="bbox 213 1017 1311 1090; baseline -0.003 -17"><span class='ocrx_word' id='word_1_43' title='bbox 213 1017 271 1074; x_wconf 86' lang='grc' dir='ltr'><strong>όπὸ</strong></span> <span class='ocrx_word' id='word_1_44' title='bbox 284 1021 417 1087; x_wconf 80' lang='grc' dir='ltr'><strong><em>Τευκρῶν</em></strong></span> <span class='ocrx_word' id='word_1_45' title='bbox 427 1037 455 1072; x_wconf 87' lang='grc' dir='ltr'><strong>τε</strong></span> <span class='ocrx_word' id='word_1_46' title='bbox 466 1017 513 1072; x_wconf 77' lang='lat' dir='ltr'><strong>sod</strong></span> <span class='ocrx_word' id='word_1_47' title='bbox 521 1021 642 1090; x_wconf 68' lang='lat' dir='ltr'><strong>Modaioi</strong></span> <span class='ocrx_word' id='word_1_48' title='bbox 657 1023 717 1074; x_wconf 83' lang='lat' dir='ltr'><strong>vid.</strong></span> <span class='ocrx_word' id='word_1_49' title='bbox 771 1024 896 1090; x_wconf 86' lang='lat' dir='ltr'><strong>displicet</strong></span> <span class='ocrx_word' id='word_1_50' title='bbox 918 1021 1090 1086; x_wconf 84' lang='lat' dir='ltr'><strong>Weseeiingii</strong></span> <span class='ocrx_word' id='word_1_51' title='bbox 1113 1023 1249 1072; x_wconf 80' lang='lat' dir='ltr'><strong>sententis</strong></span> <span class='ocrx_word' id='word_1_52' title='bbox 1278 1021 1311 1071; x_wconf 86' lang='lat' dir='ltr'><strong>rie</strong></span> 
     </span>
     <span class='ocr_line' id='line_1_7' title="bbox 179 1091 1312 1159; baseline -0.003 -16"><span class='ocrx_word' id='word_1_53' title='bbox 179 1094 399 1159; x_wconf 79' lang='lat' dir='ltr'><strong>suprsV11,·20.</strong></span> <span class='ocrx_word' id='word_1_54' title='bbox 416 1094 453 1156; x_wconf 93' lang='lat' dir='ltr'><strong>V,</strong></span> <span class='ocrx_word' id='word_1_55' title='bbox 467 1093 508 1146; x_wconf 81' lang='lat'><strong>13.</strong></span> <span class='ocrx_word' id='word_1_56' title='bbox 541 1093 571 1144; x_wconf 85' lang='lat' dir='ltr'><strong>O.</strong></span> <span class='ocrx_word' id='word_1_57' title='bbox 588 1093 621 1143; x_wconf 94' lang='lat'><strong>0.</strong></span> <span class='ocrx_word' id='word_1_58' title='bbox 634 1093 720 1146; x_wconf 88' lang='lat' dir='ltr'><strong>Muci·</strong></span> <span class='ocrx_word' id='word_1_59' title='bbox 771 1094 920 1157; x_wconf 82' lang='lat' dir='ltr'><strong>Cheiyburn</strong></span> <span class='ocrx_word' id='word_1_60' title='bbox 934 1099 1014 1158; x_wconf 79' lang='lat' dir='ltr'><strong>gente</strong></span> <span class='ocrx_word' id='word_1_61' title='bbox 1027 1092 1159 1143; x_wconf 83' lang='lat' dir='ltr'><strong>Bredovio</strong></span> <span class='ocrx_word' id='word_1_62' title='bbox 1172 1107 1198 1156; x_wconf 87' lang='lat' dir='ltr'><strong>p.</strong></span> <span class='ocrx_word' id='word_1_63' title='bbox 1214 1093 1254 1150; x_wconf 82' lang='lat' dir='ltr'><strong>id,</strong></span> <span class='ocrx_word' id='word_1_64' title='bbox 1273 1091 1312 1140; x_wconf 82' lang='lat' dir='ltr'><strong>ls-</strong></span> 
     </span>
     <span class='ocr_line' id='line_1_8' title="bbox 181 1159 1310 1228; baseline -0.003 -15"><span class='ocrx_word' id='word_1_65' title='bbox 181 1164 232 1214; x_wconf 86' lang='lat' dir='ltr'><strong>ier:</strong></span> <span class='ocrx_word' id='word_1_66' title='bbox 245 1163 403 1228; x_wconf 82' lang='lat' dir='ltr'><strong>lior.1.p.9</strong></span> <span class='ocrx_word' id='word_1_67' title='bbox 416 1169 456 1212; x_wconf 87' lang='lat' dir='ltr'><strong>et:</strong></span> <span class='ocrx_word' id='word_1_68' title='bbox 471 1163 560 1214; x_wconf 88' lang='lat' dir='ltr'><strong>Ueber</strong></span> <span class='ocrx_word' id='word_1_69' title='bbox 573 1163 617 1213; x_wconf 87' lang='lat' dir='ltr'><strong>die</strong></span> <span class='ocrx_word' id='word_1_70' title='bbox 626 1163 721 1215; x_wconf 81' lang='lat' dir='ltr'><strong>Meke-</strong></span> <span class='ocrx_word' id='word_1_71' title='bbox 771 1180 868 1216; x_wconf 85' lang='lat' dir='ltr'><strong>cunero</strong></span> <span class='ocrx_word' id='word_1_72' title='bbox 881 1165 907 1212; x_wconf 88' lang='lat' dir='ltr'><strong>in</strong></span> <span class='ocrx_word' id='word_1_73' title='bbox 922 1163 1085 1214; x_wconf 78' lang='lat' dir='ltr'><strong>Herodoteie</strong></span> <span class='ocrx_word' id='word_1_74' title='bbox 1101 1162 1177 1212; x_wconf 87' lang='lat' dir='ltr'><strong>libris</strong></span> <span class='ocrx_word' id='word_1_75' title='bbox 1189 1159 1310 1212; x_wconf 86' lang='lat' dir='ltr'><strong>hocloco</strong></span> 
     </span>
     <span class='ocr_line' id='line_1_9' title="bbox 180 1230 1309 1299; baseline -0.003 -17"><span class='ocrx_word' id='word_1_76' title='bbox 180 1233 242 1288; x_wconf 87' lang='lat' dir='ltr'><strong>don.</strong></span> <span class='ocrx_word' id='word_1_77' title='bbox 257 1249 319 1298; x_wconf 77' lang='lat' dir='ltr'><strong>pag.</strong></span> <span class='ocrx_word' id='word_1_78' title='bbox 332 1231 379 1296; x_wconf 73' lang='lat'><strong>30,</strong></span> <span class='ocrx_word' id='word_1_79' title='bbox 395 1233 441 1282; x_wconf 89' lang='lat' dir='ltr'><strong>ubi</strong></span> <span class='ocrx_word' id='word_1_80' title='bbox 453 1231 499 1283; x_wconf 89' lang='lat' dir='ltr'><strong>iiie</strong></span> <span class='ocrx_word' id='word_1_81' title='bbox 512 1233 545 1282; x_wconf 91' lang='lat' dir='ltr'><strong>de</strong></span> <span class='ocrx_word' id='word_1_82' title='bbox 555 1234 719 1284; x_wconf 79' lang='lat' dir='ltr'>Teucrorum</span> <span class='ocrx_word' id='word_1_83' title='bbox 770 1235 883 1299; x_wconf 85' lang='lat' dir='ltr'><strong>reperiri</strong></span> <span class='ocrx_word' id='word_1_84' title='bbox 898 1237 1051 1293; x_wconf 73' lang='lat' dir='ltr'><strong>statuente,</strong></span> <span class='ocrx_word' id='word_1_85' title='bbox 1074 1233 1193 1296; x_wconf 82' lang='lat' dir='ltr'><strong>itemque</strong></span> <span class='ocrx_word' id='word_1_86' title='bbox 1205 1230 1309 1281; x_wconf 91' lang='lat' dir='ltr'><strong>Ukerto</strong></span> 
     </span>
     <span class='ocr_line' id='line_1_10' title="bbox 179 1299 1309 1368; baseline -0.004 -14"><span class='ocrx_word' id='word_1_87' title='bbox 179 1304 352 1367; x_wconf 77' lang='lat' dir='ltr'><strong>expeditione</strong></span> <span class='ocrx_word' id='word_1_88' title='bbox 375 1301 580 1368; x_wconf 80' lang='lat' dir='ltr'><strong>Lycophronem</strong></span> <span class='ocrx_word' id='word_1_89' title='bbox 604 1303 721 1354; x_wconf 80' lang='lat' dir='ltr'><strong>conferri</strong></span> <span class='ocrx_word' id='word_1_90' title='bbox 771 1302 938 1368; x_wconf 80' lang='lat' dir='ltr'><strong>(Geogrspb.</strong></span> <span class='ocrx_word' id='word_1_91' title='bbox 953 1301 979 1353; x_wconf 91' lang='lat' dir='ltr'><strong>d.</strong></span> <span class='ocrx_word' id='word_1_92' title='bbox 991 1301 1097 1351; x_wconf 82' lang='lat' dir='ltr'><strong>(ir-iecb.</strong></span> <span class='ocrx_word' id='word_1_93' title='bbox 1111 1316 1138 1350; x_wconf 90' lang='lat' dir='ltr'><strong>u.</strong></span> <span class='ocrx_word' id='word_1_94' title='bbox 1149 1301 1242 1351; x_wconf 86' lang='lat' dir='ltr'><strong>Roem.</strong></span> <span class='ocrx_word' id='word_1_95' title='bbox 1256 1299 1309 1363; x_wconf 90' lang='lat'><strong>111,</strong></span> 
     </span>
     <span class='ocr_line' id='line_1_11' title="bbox 180 1367 1309 1438; baseline -0.005 -14"><span class='ocrx_word' id='word_1_96' title='bbox 180 1375 239 1424; x_wconf 87' lang='lat' dir='ltr'><strong>vult</strong></span> <span class='ocrx_word' id='word_1_97' title='bbox 255 1374 315 1423; x_wconf 68' lang='lat' dir='ltr'><strong>iiiii</strong></span> <span class='ocrx_word' id='word_1_98' title='bbox 330 1373 476 1438; x_wconf 74' lang='lat' dir='ltr'><strong>Mysusque</strong></span> <span class='ocrx_word' id='word_1_99' title='bbox 490 1371 580 1432; x_wconf 88' lang='lat' dir='ltr'><strong>oddit,</strong></span> <span class='ocrx_word' id='word_1_100' title='bbox 596 1373 643 1438; x_wconf 90' lang='lat' dir='ltr'><strong>qui</strong></span> <span class='ocrx_word' id='word_1_101' title='bbox 660 1367 720 1422; x_wconf 82' lang='lat' dir='ltr'><strong>curn</strong></span> <span class='ocrx_word' id='word_1_102' title='bbox 771 1376 797 1426; x_wconf 84' lang='lat'><strong>2.</strong></span> <span class='ocrx_word' id='word_1_103' title='bbox 810 1388 871 1438; x_wconf 76' lang='lat' dir='ltr'><strong>peg-</strong></span> <span class='ocrx_word' id='word_1_104' title='bbox 884 1372 935 1423; x_wconf 70' lang='lat'><strong>525</strong></span> <span class='ocrx_word' id='word_1_105' title='bbox 947 1371 1035 1436; x_wconf 83' lang='lat' dir='ltr'><strong>seq),</strong></span> <span class='ocrx_word' id='word_1_106' title='bbox 1050 1371 1097 1436; x_wconf 88' lang='lat' dir='ltr'><strong>qui</strong></span> <span class='ocrx_word' id='word_1_107' title='bbox 1109 1376 1230 1420; x_wconf 84' lang='lat' dir='ltr'><strong>veterum</strong></span> <span class='ocrx_word' id='word_1_108' title='bbox 1244 1371 1309 1419; x_wconf 89' lang='lat' dir='ltr'><strong>seri-</strong></span> 
     </span>
     <span class='ocr_line' id='line_1_12' title="bbox 181 1439 1311 1508; baseline -0.004 -16"><span class='ocrx_word' id='word_1_109' title='bbox 181 1443 294 1494; x_wconf 85' lang='lat' dir='ltr'><strong>&#39;i&#39;eueris</strong></span> <span class='ocrx_word' id='word_1_110' title='bbox 304 1443 330 1490; x_wconf 93' lang='lat' dir='ltr'><strong>in</strong></span> <span class='ocrx_word' id='word_1_111' title='bbox 343 1443 478 1506; x_wconf 73' lang='lat' dir='ltr'><strong>Europam</strong></span> <span class='ocrx_word' id='word_1_112' title='bbox 489 1443 654 1506; x_wconf 69' lang='lat' dir='ltr'><strong>transgressi</strong></span> <span class='ocrx_word' id='word_1_113' title='bbox 664 1443 721 1492; x_wconf 82' lang='lat' dir='ltr'><strong>iue-</strong></span> <span class='ocrx_word' id='word_1_114' title='bbox 772 1449 880 1508; x_wconf 89' lang='lat' dir='ltr'><strong>ptorum</strong></span> <span class='ocrx_word' id='word_1_115' title='bbox 891 1440 966 1492; x_wconf 89' lang='lat' dir='ltr'><strong>locos</strong></span> <span class='ocrx_word' id='word_1_116' title='bbox 980 1442 1013 1490; x_wconf 90' lang='lat' dir='ltr'><strong>de</strong></span> <span class='ocrx_word' id='word_1_117' title='bbox 1026 1439 1077 1490; x_wconf 84' lang='lat' dir='ltr'><strong>hec</strong></span> <span class='ocrx_word' id='word_1_118' title='bbox 1090 1445 1169 1504; x_wconf 87' lang='lat' dir='ltr'><strong>gente</strong></span> <span class='ocrx_word' id='word_1_119' title='bbox 1183 1443 1311 1489; x_wconf 74' lang='lat' dir='ltr'><strong>occurrite</strong></span> 
     </span>
     <span class='ocr_line' id='line_1_13' title="bbox 180 1507 1312 1578; baseline -0.005 -16"><span class='ocrx_word' id='word_1_120' title='bbox 180 1512 249 1574; x_wconf 88' lang='lat' dir='ltr'><strong>rint,</strong></span> <span class='ocrx_word' id='word_1_121' title='bbox 276 1517 373 1576; x_wconf 80' lang='lat' dir='ltr'><strong>postes</strong></span> <span class='ocrx_word' id='word_1_122' title='bbox 396 1517 526 1576; x_wconf 76' lang='lat' dir='ltr'><strong>tanquam</strong></span> <span class='ocrx_word' id='word_1_123' title='bbox 544 1511 653 1561; x_wconf 84' lang='lat' dir='ltr'><strong>Moesos</strong></span> <span class='ocrx_word' id='word_1_124' title='bbox 678 1526 721 1562; x_wconf 90' lang='lat' dir='ltr'><strong>re·</strong></span> <span class='ocrx_word' id='word_1_125' title='bbox 771 1516 930 1578; x_wconf 88' lang='lat' dir='ltr'><strong>persecutus</strong></span> <span class='ocrx_word' id='word_1_126' title='bbox 956 1515 1012 1572; x_wconf 92' lang='lat' dir='ltr'><strong>est,</strong></span> <span class='ocrx_word' id='word_1_127' title='bbox 1044 1524 1124 1575; x_wconf 88' lang='lat' dir='ltr'><strong>quern</strong></span> <span class='ocrx_word' id='word_1_128' title='bbox 1147 1508 1251 1558; x_wconf 91' lang='lat' dir='ltr'><strong>Dubois</strong></span> <span class='ocrx_word' id='word_1_129' title='bbox 1278 1507 1312 1556; x_wconf 91' lang='lat' dir='ltr'><strong>de</strong></span> 
     </span>
     <span class='ocr_line' id='line_1_14' title="bbox 180 1579 1312 1646; baseline -0.003 -15"><span class='ocrx_word' id='word_1_130' title='bbox 180 1584 254 1646; x_wconf 85' lang='lat' dir='ltr'><strong>gioni</strong></span> <span class='ocrx_word' id='word_1_131' title='bbox 273 1580 397 1646; x_wconf 83' lang='lat' dir='ltr'><strong>smpiiori</strong></span> <span class='ocrx_word' id='word_1_132' title='bbox 415 1596 513 1631; x_wconf 87' lang='lat' dir='ltr'><strong>nomeu</strong></span> <span class='ocrx_word' id='word_1_133' title='bbox 531 1579 648 1632; x_wconf 84' lang='lat' dir='ltr'><strong>dedisse.</strong></span> <span class='ocrx_word' id='word_1_134' title='bbox 679 1581 721 1632; x_wconf 91' lang='lat' dir='ltr'><strong>De</strong></span> <span class='ocrx_word' id='word_1_135' title='bbox 770 1579 949 1646; x_wconf 83' lang='lat' dir='ltr'><strong>Montpe&#39;seux</strong></span> <span class='ocrx_word' id='word_1_136' title='bbox 975 1581 1099 1646; x_wconf 73' lang='lat' dir='ltr'><strong>(Voyege</strong></span> <span class='ocrx_word' id='word_1_137' title='bbox 1126 1593 1161 1627; x_wconf 83' lang='grc' dir='ltr'><strong>ιιι</strong></span> <span class='ocrx_word' id='word_1_138' title='bbox 1188 1579 1312 1628; x_wconf 79' lang='lat' dir='ltr'><strong>Ceucsse</strong></span> 
     </span>
     <span class='ocr_line' id='line_1_15' title="bbox 181 1647 1313 1716; baseline -0.004 -16"><span class='ocrx_word' id='word_1_139' title='bbox 181 1667 234 1716; x_wconf 88' lang='lat' dir='ltr'><strong>quo</strong></span> <span class='ocrx_word' id='word_1_140' title='bbox 251 1651 375 1715; x_wconf 84' lang='lat' dir='ltr'><strong>equidem</strong></span> <span class='ocrx_word' id='word_1_141' title='bbox 392 1650 536 1701; x_wconf 81' lang='lat' dir='ltr'><strong>decernere</strong></span> <span class='ocrx_word' id='word_1_142' title='bbox 554 1647 649 1700; x_wconf 87' lang='lat' dir='ltr'><strong>nolim:</strong></span> <span class='ocrx_word' id='word_1_143' title='bbox 675 1666 720 1700; x_wconf 87' lang='lat' dir='ltr'><strong>ne·</strong></span> <span class='ocrx_word' id='word_1_144' title='bbox 772 1651 820 1704; x_wconf 90' lang='lat' dir='ltr'><strong>IV.</strong></span> <span class='ocrx_word' id='word_1_145' title='bbox 840 1667 865 1716; x_wconf 88' lang='lat' dir='ltr'><strong>p.</strong></span> <span class='ocrx_word' id='word_1_146' title='bbox 888 1649 946 1714; x_wconf 74' lang='lat'><strong>138)</strong></span> <span class='ocrx_word' id='word_1_147' title='bbox 971 1649 1049 1700; x_wconf 85' lang='lat' dir='ltr'><strong>sedes</strong></span> <span class='ocrx_word' id='word_1_148' title='bbox 1069 1647 1196 1699; x_wconf 71' lang='lat' dir='ltr'><strong>imbuisse</strong></span> <span class='ocrx_word' id='word_1_149' title='bbox 1218 1653 1313 1698; x_wconf 87' lang='lat' dir='ltr'><strong>censet</strong></span> 
     </span>
     <span class='ocr_line' id='line_1_16' title="bbox 182 1718 1312 1786; baseline -0.004 -16"><span class='ocrx_word' id='word_1_150' title='bbox 182 1736 233 1786; x_wconf 90' lang='lat' dir='ltr'><strong>que</strong></span> <span class='ocrx_word' id='word_1_151' title='bbox 254 1735 318 1770; x_wconf 77' lang='lat' dir='ltr'><strong>vero</strong></span> <span class='ocrx_word' id='word_1_152' title='bbox 342 1719 436 1770; x_wconf 90' lang='lat' dir='ltr'><strong>dubito</strong></span> <span class='ocrx_word' id='word_1_153' title='bbox 456 1735 549 1770; x_wconf 82' lang='lat' dir='ltr'><strong>verum</strong></span> <span class='ocrx_word' id='word_1_154' title='bbox 569 1733 628 1770; x_wconf 81' lang='lat' dir='ltr'><strong>esee</strong></span> <span class='ocrx_word' id='word_1_155' title='bbox 651 1719 721 1786; x_wconf 88' lang='lat' dir='ltr'><strong>quod</strong></span> <span class='ocrx_word' id='word_1_156' title='bbox 772 1723 799 1771; x_wconf 90' lang='lat' dir='ltr'><strong>in</strong></span> <span class='ocrx_word' id='word_1_157' title='bbox 813 1719 1048 1786; x_wconf 75' lang='lat' dir='ltr'><strong>pogodrmenieo,</strong></span> <span class='ocrx_word' id='word_1_158' title='bbox 1071 1718 1198 1769; x_wconf 90' lang='lat' dir='ltr'><strong>cuinnno</strong></span> <span class='ocrx_word' id='word_1_159' title='bbox 1214 1733 1312 1768; x_wconf 89' lang='lat' dir='ltr'><strong>nomen</strong></span> 
     </span>
     <span class='ocr_line' id='line_1_17' title="bbox 181 1787 1310 1854; baseline -0.002 -16"><span class='ocrx_word' id='word_1_160' title='bbox 181 1789 336 1840; x_wconf 82' lang='lat' dir='ltr'><strong>Herodotus</strong></span> <span class='ocrx_word' id='word_1_161' title='bbox 354 1795 382 1839; x_wconf 92' lang='lat' dir='ltr'><strong>et</strong></span> <span class='ocrx_word' id='word_1_162' title='bbox 399 1789 425 1842; x_wconf 90' lang='lat' dir='ltr'><strong>b.</strong></span> <span class='ocrx_word' id='word_1_163' title='bbox 441 1787 458 1838; x_wconf 86' lang='lat'><strong>1.</strong></span> <span class='ocrx_word' id='word_1_164' title='bbox 472 1795 499 1840; x_wconf 91' lang='lat' dir='ltr'><strong>et</strong></span> <span class='ocrx_word' id='word_1_165' title='bbox 513 1803 595 1854; x_wconf 78' lang='lat' dir='ltr'><strong>snpra</strong></span> <span class='ocrx_word' id='word_1_166' title='bbox 608 1791 629 1838; x_wconf 89' lang='lat' dir='ltr'>V</span> <span class='ocrx_word' id='word_1_167' title='bbox 633 1790 674 1851; x_wconf 93' lang='lat'><strong>11,</strong></span> <span class='ocrx_word' id='word_1_168' title='bbox 688 1789 722 1840; x_wconf 80' lang='lat'><strong>20</strong></span> <span class='ocrx_word' id='word_1_169' title='bbox 773 1791 858 1853; x_wconf 83' lang='lat' dir='ltr'><strong>Konlp</strong></span> <span class='ocrx_word' id='word_1_170' title='bbox 880 1790 938 1840; x_wconf 84' lang='lat' dir='ltr'><strong>sive</strong></span> <span class='ocrx_word' id='word_1_171' title='bbox 957 1788 1042 1854; x_wconf 78' lang='lat' dir='ltr'><strong>Goppd</strong></span> <span class='ocrx_word' id='word_1_172' title='bbox 1067 1787 1139 1854; x_wconf 84' lang='lat' dir='ltr'><strong>opud</strong></span> <span class='ocrx_word' id='word_1_173' title='bbox 1159 1787 1310 1846; x_wconf 83' lang='lat' dir='ltr'><strong>Armenios,</strong></span> 
     </span>
     <span class='ocr_line' id='line_1_18' title="bbox 180 1856 1311 1925; baseline -0.004 -16"><span class='ocrx_word' id='word_1_174' title='bbox 180 1859 265 1909; x_wconf 83' lang='lat' dir='ltr'><strong>trudit</strong></span> <span class='ocrx_word' id='word_1_175' title='bbox 278 1858 311 1909; x_wconf 92' lang='lat' dir='ltr'><strong>de</strong></span> <span class='ocrx_word' id='word_1_176' title='bbox 324 1857 410 1924; x_wconf 79' lang='lat' dir='ltr'><strong>Mysis</strong></span> <span class='ocrx_word' id='word_1_177' title='bbox 429 1873 463 1908; x_wconf 82' lang='lat' dir='ltr'><strong>oc</strong></span> <span class='ocrx_word' id='word_1_178' title='bbox 476 1860 602 1922; x_wconf 88' lang='lat' dir='ltr'><strong>Teucris,</strong></span> <span class='ocrx_word' id='word_1_179' title='bbox 622 1862 669 1924; x_wconf 91' lang='lat' dir='ltr'><strong>qui</strong></span> <span class='ocrx_word' id='word_1_180' title='bbox 689 1873 722 1908; x_wconf 80' lang='lat' dir='ltr'><strong>ex</strong></span> <span class='ocrx_word' id='word_1_181' title='bbox 773 1875 826 1910; x_wconf 92' lang='lat' dir='ltr'><strong>non</strong></span> <span class='ocrx_word' id='word_1_182' title='bbox 851 1859 930 1925; x_wconf 85' lang='lat' dir='ltr'><strong>longe</strong></span> <span class='ocrx_word' id='word_1_183' title='bbox 953 1863 1056 1909; x_wconf 89' lang='lat' dir='ltr'><strong>remoto</strong></span> <span class='ocrx_word' id='word_1_184' title='bbox 1078 1858 1124 1908; x_wconf 89' lang='lat' dir='ltr'><strong>iiio</strong></span> <span class='ocrx_word' id='word_1_185' title='bbox 1148 1857 1253 1922; x_wconf 90' lang='lat' dir='ltr'><strong>quidem</strong></span> <span class='ocrx_word' id='word_1_186' title='bbox 1276 1856 1311 1906; x_wconf 78' lang='lat' dir='ltr'><strong>eb</strong></span> 
     </span>
     <span class='ocr_line' id='line_1_19' title="bbox 181 1927 1311 1994; baseline -0.004 -16"><span class='ocrx_word' id='word_1_187' title='bbox 181 1931 248 1978; x_wconf 79' lang='lat' dir='ltr'><strong>Asis</strong></span> <span class='ocrx_word' id='word_1_188' title='bbox 262 1927 377 1994; x_wconf 80' lang='lat' dir='ltr'><strong>proiecti</strong></span> <span class='ocrx_word' id='word_1_189' title='bbox 391 1927 469 1978; x_wconf 88' lang='lat' dir='ltr'><strong>sedes</strong></span> <span class='ocrx_word' id='word_1_190' title='bbox 483 1929 509 1977; x_wconf 95' lang='lat' dir='ltr'><strong>in</strong></span> <span class='ocrx_word' id='word_1_191' title='bbox 523 1930 633 1993; x_wconf 80' lang='lat' dir='ltr'><strong>Europe</strong></span> <span class='ocrx_word' id='word_1_192' title='bbox 656 1935 721 1978; x_wconf 79' lang='lat' dir='ltr'><strong>unte</strong></span> <span class='ocrx_word' id='word_1_193' title='bbox 772 1929 838 1980; x_wconf 86' lang='lat' dir='ltr'><strong>urbe</strong></span> <span class='ocrx_word' id='word_1_194' title='bbox 860 1934 887 1980; x_wconf 89' lang='lat' dir='ltr'><strong>et</strong></span> <span class='ocrx_word' id='word_1_195' title='bbox 910 1929 1033 1994; x_wconf 82' lang='lat' dir='ltr'><strong>regione,</strong></span> <span class='ocrx_word' id='word_1_196' title='bbox 1057 1942 1125 1992; x_wconf 77' lang='lat' dir='ltr'><strong>quse</strong></span> <span class='ocrx_word' id='word_1_197' title='bbox 1145 1927 1217 1992; x_wconf 80' lang='grc' dir='ltr'><strong><em>Τίβίτ</em></strong></span> <span class='ocrx_word' id='word_1_198' title='bbox 1240 1941 1311 1976; x_wconf 84' lang='lat' dir='ltr'><strong>nunc</strong></span> 
     </span>
     <span class='ocr_line' id='line_1_20' title="bbox 182 1995 1312 2063; baseline -0.003 -16"><span class='ocrx_word' id='word_1_199' title='bbox 182 1999 351 2062; x_wconf 82' lang='lat' dir='ltr'><strong>Strymonem</strong></span> <span class='ocrx_word' id='word_1_200' title='bbox 367 1997 426 2063; x_wconf 85' lang='lat' dir='ltr'><strong>(per</strong></span> <span class='ocrx_word' id='word_1_201' title='bbox 438 1999 626 2048; x_wconf 72' lang='lat' dir='ltr'><strong>Macedoniam</strong></span> <span class='ocrx_word' id='word_1_202' title='bbox 639 1999 723 2063; x_wconf 79' lang='lat' dir='ltr'><strong>igitur</strong></span> <span class='ocrx_word' id='word_1_203' title='bbox 772 2004 903 2059; x_wconf 77' lang='lat' dir='ltr'><strong>vocetur,</strong></span> <span class='ocrx_word' id='word_1_204' title='bbox 928 1997 999 2047; x_wconf 88' lang='lat' dir='ltr'><strong>unde</strong></span> <span class='ocrx_word' id='word_1_205' title='bbox 1017 1995 1105 2046; x_wconf 87' lang='lat' dir='ltr'><strong>edbuc</strong></span> <span class='ocrx_word' id='word_1_206' title='bbox 1123 1995 1188 2046; x_wconf 79' lang='lat' dir='ltr'><strong>terri</strong></span> <span class='ocrx_word' id='word_1_207' title='bbox 1206 1996 1312 2059; x_wconf 73' lang='lat' dir='ltr'><strong>copiam</strong></span> 
     </span>
     <span class='ocr_line' id='line_1_21' title="bbox 182 2063 1314 2133; baseline -0.006 -15"><span class='ocrx_word' id='word_1_208' title='bbox 182 2083 216 2118; x_wconf 78' lang='lat' dir='ltr'><strong>ec</strong></span> <span class='ocrx_word' id='word_1_209' title='bbox 227 2068 385 2132; x_wconf 80' lang='lat' dir='ltr'><strong>Threcism)</strong></span> <span class='ocrx_word' id='word_1_210' title='bbox 399 2069 530 2132; x_wconf 75' lang='lat' dir='ltr'><strong>ceperint,</strong></span> <span class='ocrx_word' id='word_1_211' title='bbox 543 2069 638 2118; x_wconf 90' lang='lat' dir='ltr'><strong>eiectis</strong></span> <span class='ocrx_word' id='word_1_212' title='bbox 652 2069 723 2133; x_wconf 92' lang='lat' dir='ltr'><strong>prio·</strong></span> <span class='ocrx_word' id='word_1_213' title='bbox 772 2068 913 2133; x_wconf 83' lang='lat' dir='ltr'><strong>provenire</strong></span> <span class='ocrx_word' id='word_1_214' title='bbox 931 2067 1017 2117; x_wconf 77' lang='lat' dir='ltr'><strong>addit.</strong></span> <span class='ocrx_word' id='word_1_215' title='bbox 1043 2065 1175 2116; x_wconf 82' lang='lat' dir='ltr'><strong>Herodoti</strong></span> <span class='ocrx_word' id='word_1_216' title='bbox 1190 2063 1314 2129; x_wconf 72' lang='lat' dir='ltr'><strong>coaptes</strong></span> 
     </span>
     <span class='ocr_line' id='line_1_22' title="bbox 182 2131 1313 2203; baseline -0.006 -16"><span class='ocrx_word' id='word_1_217' title='bbox 182 2138 257 2188; x_wconf 87' lang='lat' dir='ltr'><strong>ribus</strong></span> <span class='ocrx_word' id='word_1_218' title='bbox 282 2137 378 2188; x_wconf 83' lang='lat' dir='ltr'><strong>incolis</strong></span> <span class='ocrx_word' id='word_1_219' title='bbox 405 2144 433 2187; x_wconf 91' lang='lat' dir='ltr'><strong>et</strong></span> <span class='ocrx_word' id='word_1_220' title='bbox 459 2139 488 2187; x_wconf 91' lang='lat' dir='ltr'><strong>in</strong></span> <span class='ocrx_word' id='word_1_221' title='bbox 514 2137 606 2188; x_wconf 72' lang='lat' dir='ltr'><strong>Asiam</strong></span> <span class='ocrx_word' id='word_1_222' title='bbox 634 2139 720 2203; x_wconf 81' lang='lat' dir='ltr'><strong>ipsein</strong></span> <span class='ocrx_word' id='word_1_223' title='bbox 772 2154 820 2203; x_wconf 91' lang='lat' dir='ltr'><strong>pro</strong></span> <span class='ocrx_word' id='word_1_224' title='bbox 844 2145 922 2202; x_wconf 85' lang='lat' dir='ltr'><strong>perte</strong></span> <span class='ocrx_word' id='word_1_225' title='bbox 949 2135 1069 2186; x_wconf 77' lang='lat' dir='ltr'><strong>nationis</strong></span> <span class='ocrx_word' id='word_1_226' title='bbox 1092 2135 1251 2184; x_wconf 82' lang='lat' dir='ltr'><strong>Cimmeriee</strong></span> <span class='ocrx_word' id='word_1_227' title='bbox 1274 2131 1313 2182; x_wconf 92' lang='lat' dir='ltr'><strong>di-</strong></span> 
     </span>
     <span class='ocr_line' id='line_1_23' title="bbox 183 2202 1312 2273; baseline -0.005 -17"><span class='ocrx_word' id='word_1_228' title='bbox 183 2207 342 2266; x_wconf 71' lang='lat' dir='ltr'><strong>tremiscis,</strong></span> <span class='ocrx_word' id='word_1_229' title='bbox 366 2207 420 2256; x_wconf 85' lang='lat' dir='ltr'><strong>vid.</strong></span> <span class='ocrx_word' id='word_1_230' title='bbox 433 2206 532 2258; x_wconf 80' lang='lat' dir='ltr'><strong>Giseke</strong></span> <span class='ocrx_word' id='word_1_231' title='bbox 551 2205 568 2260; x_wconf 90' lang='grc'><strong>1.</strong></span> <span class='ocrx_word' id='word_1_232' title='bbox 586 2205 603 2258; x_wconf 89' lang='lat' dir='ltr'><strong>l.</strong></span> <span class='ocrx_word' id='word_1_233' title='bbox 617 2223 681 2273; x_wconf 81' lang='lat' dir='ltr'><strong>psq.</strong></span> <span class='ocrx_word' id='word_1_234' title='bbox 695 2209 720 2259; x_wconf 80' lang='grc'><strong>’2.</strong></span> <span class='ocrx_word' id='word_1_235' title='bbox 772 2223 897 2273; x_wconf 85' lang='lat' dir='ltr'><strong>spereee,</strong></span> <span class='ocrx_word' id='word_1_236' title='bbox 912 2221 983 2271; x_wconf 76' lang='lat' dir='ltr'><strong>qnae</strong></span> <span class='ocrx_word' id='word_1_237' title='bbox 996 2205 1030 2254; x_wconf 84' lang='lat' dir='ltr'><strong>ed</strong></span> <span class='ocrx_word' id='word_1_238' title='bbox 1044 2202 1134 2268; x_wconf 77' lang='lat' dir='ltr'><strong>Halyn</strong></span> <span class='ocrx_word' id='word_1_239' title='bbox 1146 2219 1178 2254; x_wconf 84' lang='lat' dir='ltr'><strong>cc</strong></span> <span class='ocrx_word' id='word_1_240' title='bbox 1194 2204 1312 2266; x_wconf 84' lang='lat' dir='ltr'><strong>Sinopen</strong></span> 
     </span>
     <span class='ocr_line' id='line_1_24' title="bbox 182 2271 1310 2343; baseline -0.004 -17"><span class='ocrx_word' id='word_1_241' title='bbox 182 2277 243 2328; x_wconf 86' lang='lat' dir='ltr'><strong>Hoc</strong></span> <span class='ocrx_word' id='word_1_242' title='bbox 258 2277 341 2343; x_wconf 80' lang='lat' dir='ltr'><strong>igitur</strong></span> <span class='ocrx_word' id='word_1_243' title='bbox 358 2277 382 2327; x_wconf 89' lang='lat' dir='ltr'><strong>si</strong></span> <span class='ocrx_word' id='word_1_244' title='bbox 401 2291 494 2328; x_wconf 86' lang='lat' dir='ltr'><strong>verum</strong></span> <span class='ocrx_word' id='word_1_245' title='bbox 512 2291 572 2327; x_wconf 88' lang='lat' dir='ltr'><strong>esse</strong></span> <span class='ocrx_word' id='word_1_246' title='bbox 589 2277 722 2328; x_wconf 83' lang='lat' dir='ltr'><strong>iudicebi·</strong></span> <span class='ocrx_word' id='word_1_247' title='bbox 773 2277 943 2337; x_wconf 86' lang='lat' dir='ltr'><strong>consederit,</strong></span> <span class='ocrx_word' id='word_1_248' title='bbox 968 2273 1062 2324; x_wconf 83' lang='lat' dir='ltr'><strong>heberi</strong></span> <span class='ocrx_word' id='word_1_249' title='bbox 1085 2273 1145 2323; x_wconf 86' lang='lat' dir='ltr'><strong>vuit</strong></span> <span class='ocrx_word' id='word_1_250' title='bbox 1163 2271 1310 2322; x_wconf 86' lang='lat' dir='ltr'><strong>Voeicker:</strong></span> 
     </span>
     <span class='ocr_line' id='line_1_25' title="bbox 183 2342 1313 2412; baseline -0.006 -16"><span class='ocrx_word' id='word_1_251' title='bbox 183 2353 241 2408; x_wconf 83' lang='lat' dir='ltr'><strong>tur,</strong></span> <span class='ocrx_word' id='word_1_252' title='bbox 262 2353 333 2410; x_wconf 87' lang='lat' dir='ltr'><strong>turn,</strong></span> <span class='ocrx_word' id='word_1_253' title='bbox 355 2346 526 2396; x_wconf 83' lang='lat' dir='ltr'><strong>Gerlscbinm</strong></span> <span class='ocrx_word' id='word_1_254' title='bbox 539 2347 563 2396; x_wconf 90' lang='lat' dir='ltr'><strong>si</strong></span> <span class='ocrx_word' id='word_1_255' title='bbox 576 2361 722 2412; x_wconf 81' lang='lat' dir='ltr'><strong>sequemur</strong></span> <span class='ocrx_word' id='word_1_256' title='bbox 772 2347 859 2410; x_wconf 84' lang='lat' dir='ltr'><strong>Mytb.</strong></span> <span class='ocrx_word' id='word_1_257' title='bbox 876 2345 973 2410; x_wconf 82' lang='lat' dir='ltr'><strong>Geogr.</strong></span> <span class='ocrx_word' id='word_1_258' title='bbox 992 2361 1017 2409; x_wconf 91' lang='lat' dir='ltr'><strong>p.</strong></span> <span class='ocrx_word' id='word_1_259' title='bbox 1032 2343 1093 2394; x_wconf 76' lang='lat'><strong>209.</strong></span> <span class='ocrx_word' id='word_1_260' title='bbox 1126 2343 1167 2392; x_wconf 89' lang='lat' dir='ltr'><strong>De</strong></span> <span class='ocrx_word' id='word_1_261' title='bbox 1182 2342 1313 2408; x_wconf 76' lang='lat' dir='ltr'><strong>Acppptiis</strong></span> 
     </span>
     <span class='ocr_line' id='line_1_26' title="bbox 182 2413 1311 2482; baseline -0.007 -16"><span class='ocrx_word' id='word_1_262' title='bbox 182 2415 342 2482; x_wconf 81' lang='lat' dir='ltr'><strong>(Zeieukoe,</strong></span> <span class='ocrx_word' id='word_1_263' title='bbox 358 2415 533 2474; x_wconf 81' lang='lat' dir='ltr'><strong>Cherondee,</strong></span> <span class='ocrx_word' id='word_1_264' title='bbox 551 2415 722 2481; x_wconf 82' lang='lat' dir='ltr'><strong>Pythegorss</strong></span> <span class='ocrx_word' id='word_1_265' title='bbox 773 2432 807 2468; x_wconf 89' lang='lat' dir='ltr'><strong>ne</strong></span> <span class='ocrx_word' id='word_1_266' title='bbox 820 2417 881 2481; x_wconf 88' lang='lat' dir='ltr'><strong>quis</strong></span> <span class='ocrx_word' id='word_1_267' title='bbox 894 2415 937 2466; x_wconf 86' lang='lat' dir='ltr'><strong>irie</strong></span> <span class='ocrx_word' id='word_1_268' title='bbox 950 2414 1066 2479; x_wconf 82' lang='lat' dir='ltr'><strong>cogitet:</strong></span> <span class='ocrx_word' id='word_1_269' title='bbox 1085 2413 1184 2478; x_wconf 84' lang='lat' dir='ltr'><strong>quippe</strong></span> <span class='ocrx_word' id='word_1_270' title='bbox 1198 2425 1311 2476; x_wconf 89' lang='lat' dir='ltr'><strong>quorurn</strong></span> 
     </span>
     <span class='ocr_line' id='line_1_27' title="bbox 182 2480 1312 2552; baseline -0.007 -16"><span class='ocrx_word' id='word_1_271' title='bbox 182 2501 243 2552; x_wconf 75' lang='lat' dir='ltr'><strong>peg.</strong></span> <span class='ocrx_word' id='word_1_272' title='bbox 258 2485 314 2550; x_wconf 75' lang='lat'><strong>25),</strong></span> <span class='ocrx_word' id='word_1_273' title='bbox 329 2501 361 2536; x_wconf 79' lang='lat' dir='ltr'><strong>ee</strong></span> <span class='ocrx_word' id='word_1_274' title='bbox 374 2501 495 2551; x_wconf 85' lang='lat' dir='ltr'><strong>quoque,</strong></span> <span class='ocrx_word' id='word_1_275' title='bbox 513 2499 583 2551; x_wconf 78' lang='lat' dir='ltr'><strong>quae</strong></span> <span class='ocrx_word' id='word_1_276' title='bbox 595 2486 628 2538; x_wconf 89' lang='lat' dir='ltr'><strong>de</strong></span> <span class='ocrx_word' id='word_1_277' title='bbox 640 2489 722 2538; x_wconf 79' lang='lat' dir='ltr'><strong>Ante·</strong></span> <span class='ocrx_word' id='word_1_278' title='bbox 772 2483 848 2536; x_wconf 84' lang='lat' dir='ltr'><strong>nuile</strong></span> <span class='ocrx_word' id='word_1_279' title='bbox 857 2487 885 2536; x_wconf 87' lang='lat' dir='ltr'><strong>in</strong></span> <span class='ocrx_word' id='word_1_280' title='bbox 896 2483 949 2535; x_wconf 87' lang='lat' dir='ltr'><strong>hoc</strong></span> <span class='ocrx_word' id='word_1_281' title='bbox 959 2483 1081 2549; x_wconf 76' lang='lat' dir='ltr'><strong>gentium</strong></span> <span class='ocrx_word' id='word_1_282' title='bbox 1094 2483 1183 2532; x_wconf 89' lang='lat' dir='ltr'><strong>indice</strong></span> <span class='ocrx_word' id='word_1_283' title='bbox 1197 2480 1312 2538; x_wconf 83' lang='lat' dir='ltr'><strong>mentio;</strong></span> 
     </span>
     <span class='ocr_line' id='line_1_28' title="bbox 181 2548 1313 2621; baseline -0.007 -15"><span class='ocrx_word' id='word_1_284' title='bbox 181 2571 247 2606; x_wconf 88' lang='lat' dir='ltr'><strong>nore</strong></span> <span class='ocrx_word' id='word_1_285' title='bbox 264 2557 299 2606; x_wconf 83' lang='lat' dir='ltr'><strong>ed</strong></span> <span class='ocrx_word' id='word_1_286' title='bbox 312 2555 411 2606; x_wconf 75' lang='lat' dir='ltr'><strong>Italiae</strong></span> <span class='ocrx_word' id='word_1_287' title='bbox 423 2571 486 2606; x_wconf 87' lang='lat' dir='ltr'><strong>ores</strong></span> <span class='ocrx_word' id='word_1_288' title='bbox 502 2555 625 2620; x_wconf 89' lang='lat' dir='ltr'><strong>proiecto</strong></span> <span class='ocrx_word' id='word_1_289' title='bbox 638 2560 721 2621; x_wconf 81' lang='lat' dir='ltr'><strong>etque</strong></span> <span class='ocrx_word' id='word_1_290' title='bbox 773 2571 835 2606; x_wconf 83' lang='lat' dir='ltr'><strong>nem</strong></span> <span class='ocrx_word' id='word_1_291' title='bbox 851 2556 910 2620; x_wconf 86' lang='lat' dir='ltr'><strong>ipse</strong></span> <span class='ocrx_word' id='word_1_292' title='bbox 927 2553 1082 2604; x_wconf 87' lang='lat' dir='ltr'><strong>Herodotus</strong></span> <span class='ocrx_word' id='word_1_293' title='bbox 1106 2567 1216 2601; x_wconf 81' lang='lat' dir='ltr'><strong>eonesm</strong></span> <span class='ocrx_word' id='word_1_294' title='bbox 1234 2548 1313 2600; x_wconf 79' lang='lat' dir='ltr'><strong>offert</strong></span> 
     </span>
     <span class='ocr_line' id='line_1_29' title="bbox 182 2612 1313 2690; baseline -0.009 -14"><span class='ocrx_word' id='word_1_295' title='bbox 182 2626 296 2690; x_wconf 87' lang='lat' dir='ltr'><strong>deipsis</strong></span> <span class='ocrx_word' id='word_1_296' title='bbox 310 2625 439 2676; x_wconf 75' lang='lat' dir='ltr'><strong>Troianis</strong></span> <span class='ocrx_word' id='word_1_297' title='bbox 457 2627 485 2674; x_wconf 89' lang='lat' dir='ltr'><strong>in</strong></span> <span class='ocrx_word' id='word_1_298' title='bbox 497 2625 605 2676; x_wconf 86' lang='lat' dir='ltr'><strong>Letinrn</strong></span> <span class='ocrx_word' id='word_1_299' title='bbox 620 2625 719 2676; x_wconf 79' lang='lat' dir='ltr'><strong>deletio</strong></span> <span class='ocrx_word' id='word_1_300' title='bbox 771 2627 826 2688; x_wconf 86' lang='lat' dir='ltr'><strong>lx,</strong></span> <span class='ocrx_word' id='word_1_301' title='bbox 839 2625 881 2678; x_wconf 79' lang='lat'><strong>32.</strong></span> <span class='ocrx_word' id='word_1_302' title='bbox 919 2623 1040 2675; x_wconf 81' lang='lat' dir='ltr'><strong>Steinius</strong></span> <span class='ocrx_word' id='word_1_303' title='bbox 1053 2636 1150 2670; x_wconf 88' lang='lat' dir='ltr'><strong>nomen</strong></span> <span class='ocrx_word' id='word_1_304' title='bbox 1159 2612 1313 2689; x_wconf 56' lang='grc' dir='ltr'><strong><em>Ὑτεννέων</em></strong></span> 
     </span>
     <span class='ocr_line' id='line_1_30' title="bbox 165 2683 1313 2761; baseline -0.008 -17"><span class='ocrx_word' id='word_1_305' title='bbox 165 2688 441 2761; x_wconf 82' lang='lat' dir='ltr'><strong>&#39;tredentur,neqne</strong></span> <span class='ocrx_word' id='word_1_306' title='bbox 454 2695 573 2746; x_wconf 74' lang='lat' dir='ltr'><strong>dubitari</strong></span> <span class='ocrx_word' id='word_1_307' title='bbox 586 2711 671 2760; x_wconf 87' lang='lat' dir='ltr'><strong>neque</strong></span> <span class='ocrx_word' id='word_1_308' title='bbox 686 2697 720 2746; x_wconf 84' lang='lat' dir='ltr'><strong>ed</strong></span> <span class='ocrx_word' id='word_1_309' title='bbox 770 2695 855 2760; x_wconf 84' lang='lat' dir='ltr'><strong>(quod</strong></span> <span class='ocrx_word' id='word_1_310' title='bbox 876 2695 946 2746; x_wconf 90' lang='lat' dir='ltr'><strong>idem</strong></span> <span class='ocrx_word' id='word_1_311' title='bbox 968 2707 1064 2744; x_wconf 89' lang='lat' dir='ltr'><strong>nomen</strong></span> <span class='ocrx_word' id='word_1_312' title='bbox 1088 2705 1136 2756; x_wconf 92' lang='lat' dir='ltr'><strong>pro</strong></span> <span class='ocrx_word' id='word_1_313' title='bbox 1167 2683 1313 2753; x_wconf 71' lang='lat' dir='ltr'><strong>Tpevve&#39;oio</strong></span> 
     </span>
     <span class='ocr_line' id='line_1_31' title="bbox 182 2759 1312 2830; baseline -0.007 -16"><span class='ocrx_word' id='word_1_314' title='bbox 182 2779 224 2814; x_wconf 91' lang='lat' dir='ltr'><strong>ree</strong></span> <span class='ocrx_word' id='word_1_315' title='bbox 237 2763 409 2816; x_wconf 78' lang='lat' dir='ltr'><strong>incredibiles</strong></span> <span class='ocrx_word' id='word_1_316' title='bbox 420 2763 516 2816; x_wconf 82' lang='lat' dir='ltr'><strong>referri</strong></span> <span class='ocrx_word' id='word_1_317' title='bbox 529 2771 666 2830; x_wconf 89' lang='lat' dir='ltr'><strong>poterunt.</strong></span> <span class='ocrx_word' id='word_1_318' title='bbox 773 2765 860 2816; x_wconf 83' lang='lat' dir='ltr'><strong>eitero</strong></span> <span class='ocrx_word' id='word_1_319' title='bbox 871 2764 1006 2814; x_wconf 84' lang='lat' dir='ltr'><strong>Herodoti</strong></span> <span class='ocrx_word' id='word_1_320' title='bbox 1023 2759 1082 2811; x_wconf 87' lang='lat' dir='ltr'><strong>loeo</strong></span> <span class='ocrx_word' id='word_1_321' title='bbox 1095 2760 1154 2820; x_wconf 89' lang='lat'><strong>111,</strong></span> <span class='ocrx_word' id='word_1_322' title='bbox 1170 2759 1205 2810; x_wconf 79' lang='lat'><strong>90</strong></span> <span class='ocrx_word' id='word_1_323' title='bbox 1218 2759 1312 2822; x_wconf 89' lang='lat' dir='ltr'><strong>reponi</strong></span> 
     </span>
     <span class='ocr_line' id='line_1_32' title="bbox 772 2827 1312 2900; baseline -0.019 -15"><span class='ocrx_word' id='word_1_324' title='bbox 772 2833 844 2900; x_wconf 83' lang='lat' dir='ltr'><strong>suit)</strong></span> <span class='ocrx_word' id='word_1_325' title='bbox 864 2834 909 2884; x_wconf 90' lang='lat' dir='ltr'><strong>bic</strong></span> <span class='ocrx_word' id='word_1_326' title='bbox 922 2832 1056 2884; x_wconf 85' lang='lat' dir='ltr'><strong>excidisse</strong></span> <span class='ocrx_word' id='word_1_327' title='bbox 1069 2829 1225 2894; x_wconf 85' lang='lat' dir='ltr'><strong>suspicetur</strong></span> <span class='ocrx_word' id='word_1_328' title='bbox 1237 2827 1312 2892; x_wconf 87' lang='lat' dir='ltr'><strong>(Vin-</strong></span> 
     </span>
    </p>

    <p class='ocr_par' dir='ltr' id='par_1_4' title="bbox 772 2898 1314 2966">
     <span class='ocr_line' id='line_1_33' title="bbox 772 2898 1314 2966; baseline -0.02 -10"><span class='ocrx_word' id='word_1_329' title='bbox 772 2907 841 2956; x_wconf 87' lang='lat' dir='ltr'><strong>dice.</strong></span> <span class='ocrx_word' id='word_1_330' title='bbox 856 2902 976 2955; x_wconf 86' lang='lat' dir='ltr'><strong>Herodd.</strong></span> <span class='ocrx_word' id='word_1_331' title='bbox 991 2900 1106 2966; x_wconf 74' lang='grc' dir='ltr'><strong><em>Βρυσίαι.</em></strong></span> <span class='ocrx_word' id='word_1_332' title='bbox 1120 2914 1181 2964; x_wconf 75' lang='lat' dir='ltr'><strong>peg.</strong></span> <span class='ocrx_word' id='word_1_333' title='bbox 1194 2898 1244 2960; x_wconf 70' lang='lat' dir='ltr'><strong>it),</strong></span> <span class='ocrx_word' id='word_1_334' title='bbox 1254 2913 1314 2960; x_wconf 91' lang='lat' dir='ltr'><strong>pro·</strong></span> 
     </span>
    </p>

    <p class='ocr_par' dir='ltr' id='par_1_5' title="bbox 347 2956 1312 3043">
     <span class='ocr_line' id='line_1_34' title="bbox 347 2956 1312 3043; baseline -0.006 -24"><span class='ocrx_word' id='word_1_335' title='bbox 347 2969 413 3019; x_wconf 80' lang='lat' dir='ltr'><strong>Osr.</strong></span> <span class='ocrx_word' id='word_1_336' title='bbox 434 2969 555 3020; x_wconf 83' lang='lat' dir='ltr'><strong>LXXVI.</strong></span> <span class='ocrx_word' id='word_1_337' title='bbox 771 2990 874 3028; x_wconf 64' lang='lat' dir='ltr'><strong>vocene</strong></span> <span class='ocrx_word' id='word_1_338' title='bbox 892 2973 928 3024; x_wconf 76' lang='lat' dir='ltr'><strong>ed</strong></span> <span class='ocrx_word' id='word_1_339' title='bbox 941 2971 1072 3038; x_wconf 74' lang='lat' dir='ltr'><strong>Stephon.</strong></span> <span class='ocrx_word' id='word_1_340' title='bbox 1087 2971 1158 3036; x_wconf 65' lang='grc' dir='ltr'><strong>Βγα.Ι</strong></span> <span class='ocrx_word' id='word_1_341' title='bbox 1170 2956 1312 3043; x_wconf 53' lang='lat' dir='ltr'><strong>(mecum</strong></span> 
     </span>
    </p>

    <p class='ocr_par' dir='ltr' id='par_1_6' title="bbox 772 3031 1312 3102">
     <span class='ocr_line' id='line_1_35' title="bbox 772 3031 1312 3102; baseline -0.017 -7"><span class='ocrx_word' id='word_1_342' title='bbox 772 3038 853 3102; x_wconf 72' lang='grc' dir='ltr'><strong><em>πόλις</em></strong></span> <span class='ocrx_word' id='word_1_343' title='bbox 863 3042 982 3100; x_wconf 77' lang='grc' dir='ltr'><strong><em>Λυκίας·</em></strong></span> <span class='ocrx_word' id='word_1_344' title='bbox 1002 3031 1146 3100; x_wconf 79' lang='grc' dir='ltr'><strong><em>όοὶιιέτωρ</em></strong></span> <span class='ocrx_word' id='word_1_345' title='bbox 1161 3033 1312 3098; x_wconf 67' lang='lat' dir='ltr'><strong>Treveros)</strong></span> 
     </span>
    </p>

    <p class='ocr_par' dir='ltr' id='par_1_7' title="bbox 182 3095 1317 4503">
     <span class='ocr_line' id='line_1_36' title="bbox 217 3095 1313 3178; baseline -0.015 -9"><span class='ocrx_word' id='word_1_346' title='bbox 217 3095 340 3161; x_wconf 63' lang='grc' dir='ltr'><strong>ἅθ’ῑίὸαέ</strong></span> <span class='ocrx_word' id='word_1_347' title='bbox 350 3097 382 3153; x_wconf 50' lang='grc' dir='ltr'><strong>δὲ</strong></span> <span class='ocrx_word' id='word_1_348' title='bbox 392 3098 553 3169; x_wconf 61' lang='grc' dir='ltr'><strong>(ὄμοβθῗναέ</strong></span> <span class='ocrx_word' id='word_1_349' title='bbox 564 3098 652 3172; x_wconf 56' lang='grc' dir='ltr'><strong>εἷβθν]</strong></span> <span class='ocrx_word' id='word_1_350' title='bbox 671 3109 687 3158; x_wconf 67' lang='grc' dir='ltr'><strong>ἰ.</strong></span> <span class='ocrx_word' id='word_1_351' title='bbox 698 3125 722 3160; x_wconf 75' lang='lat'><strong>0·</strong></span> <span class='ocrx_word' id='word_1_352' title='bbox 773 3115 921 3178; x_wconf 88' lang='lat' dir='ltr'><strong>eodemque</strong></span> <span class='ocrx_word' id='word_1_353' title='bbox 943 3126 1076 3164; x_wconf 81' lang='lat' dir='ltr'><strong>revocans</strong></span> <span class='ocrx_word' id='word_1_354' title='bbox 1090 3102 1241 3169; x_wconf 83' lang='grc' dir='ltr'><strong><em>Ἐτεννεῖς,</em></strong></span> <span class='ocrx_word' id='word_1_355' title='bbox 1266 3105 1313 3170; x_wconf 90' lang='lat' dir='ltr'><strong>qni</strong></span> 
     </span>
     <span class='ocr_line' id='line_1_37' title="bbox 182 3173 1314 3250; baseline 0.004 -30"><span class='ocrx_word' id='word_1_356' title='bbox 182 3177 277 3236; x_wconf 69' lang='lat' dir='ltr'><strong>clipeos</strong></span> <span class='ocrx_word' id='word_1_357' title='bbox 294 3173 418 3223; x_wconf 78' lang='lat' dir='ltr'><strong>liniebant</strong></span> <span class='ocrx_word' id='word_1_358' title='bbox 442 3175 530 3224; x_wconf 80' lang='lat' dir='ltr'><strong>bovino</strong></span> <span class='ocrx_word' id='word_1_359' title='bbox 553 3179 622 3226; x_wconf 83' lang='lat' dir='ltr'><strong>corio</strong></span> <span class='ocrx_word' id='word_1_360' title='bbox 646 3193 668 3231; x_wconf 90' lang='lat' dir='ltr'><strong>s.</strong></span> <span class='ocrx_word' id='word_1_361' title='bbox 688 3194 723 3227; x_wconf 75' lang='lat' dir='ltr'><strong>ec·</strong></span> <span class='ocrx_word' id='word_1_362' title='bbox 774 3183 848 3250; x_wconf 69' lang='lat' dir='ltr'><strong>epod</strong></span> <span class='ocrx_word' id='word_1_363' title='bbox 867 3181 962 3246; x_wconf 85' lang='lat' dir='ltr'><strong>Polyb.</strong></span> <span class='ocrx_word' id='word_1_364' title='bbox 988 3183 1024 3241; x_wconf 90' lang='lat' dir='ltr'><strong>V,</strong></span> <span class='ocrx_word' id='word_1_365' title='bbox 1044 3177 1077 3228; x_wconf 76' lang='lat'><strong>73</strong></span> <span class='ocrx_word' id='word_1_366' title='bbox 1101 3182 1129 3228; x_wconf 91' lang='lat' dir='ltr'><strong>et</strong></span> <span class='ocrx_word' id='word_1_367' title='bbox 1151 3176 1314 3235; x_wconf 81' lang='grc' dir='ltr'><strong><em>Κατεννεῐς,</em></strong></span> 
     </span>
     <span class='ocr_line' id='line_1_38' title="bbox 182 3243 1313 3318; baseline 0.002 -26"><span class='ocrx_word' id='word_1_368' title='bbox 182 3246 262 3292; x_wconf 73' lang='lat' dir='ltr'><strong>cruda</strong></span> <span class='ocrx_word' id='word_1_369' title='bbox 281 3243 349 3292; x_wconf 82' lang='lat' dir='ltr'><strong>bovis</strong></span> <span class='ocrx_word' id='word_1_370' title='bbox 367 3245 433 3305; x_wconf 80' lang='lat' dir='ltr'><strong>petie</strong></span> <span class='ocrx_word' id='word_1_371' title='bbox 450 3247 589 3307; x_wconf 80' lang='lat' dir='ltr'><strong>confectos,</strong></span> <span class='ocrx_word' id='word_1_372' title='bbox 614 3251 643 3296; x_wconf 91' lang='lat' dir='ltr'><strong>ut</strong></span> <span class='ocrx_word' id='word_1_373' title='bbox 660 3249 723 3310; x_wconf 89' lang='lat' dir='ltr'><strong>Vll,</strong></span> <span class='ocrx_word' id='word_1_374' title='bbox 773 3255 821 3318; x_wconf 85' lang='lat' dir='ltr'><strong>qui</strong></span> <span class='ocrx_word' id='word_1_375' title='bbox 837 3251 908 3316; x_wconf 72' lang='lat' dir='ltr'><strong>opud</strong></span> <span class='ocrx_word' id='word_1_376' title='bbox 922 3249 1049 3300; x_wconf 80' lang='lat' dir='ltr'><strong>Strobon.</strong></span> <span class='ocrx_word' id='word_1_377' title='bbox 1060 3262 1086 3311; x_wconf 90' lang='lat' dir='ltr'><strong>p.</strong></span> <span class='ocrx_word' id='word_1_378' title='bbox 1097 3247 1148 3296; x_wconf 77' lang='lat' dir='ltr'><strong>eto</strong></span> <span class='ocrx_word' id='word_1_379' title='bbox 1164 3261 1313 3296; x_wconf 84' lang='lat' dir='ltr'><strong>memoren-</strong></span> 
     </span>
     <span class='ocr_line' id='line_1_39' title="bbox 183 3312 1312 3384; baseline 0 -20"><span class='ocrx_word' id='word_1_380' title='bbox 183 3313 224 3364; x_wconf 76' lang='lat' dir='ltr'><strong>ro.</strong></span> <span class='ocrx_word' id='word_1_381' title='bbox 233 3314 277 3376; x_wconf 81' lang='lat' dir='ltr'><strong>iti,</strong></span> <span class='ocrx_word' id='word_1_382' title='bbox 289 3312 334 3362; x_wconf 89' lang='lat' dir='ltr'><strong>ubi</strong></span> <span class='ocrx_word' id='word_1_383' title='bbox 344 3313 475 3377; x_wconf 71' lang='lat' dir='ltr'><strong>quaedem</strong></span> <span class='ocrx_word' id='word_1_384' title='bbox 488 3314 581 3364; x_wconf 87' lang='lat' dir='ltr'><strong>ettulit</strong></span> <span class='ocrx_word' id='word_1_385' title='bbox 591 3315 721 3369; x_wconf 78' lang='lat' dir='ltr'><strong>i&#39;sieiren.</strong></span> <span class='ocrx_word' id='word_1_386' title='bbox 772 3329 830 3380; x_wconf 75' lang='grc' dir='ltr'><strong>ιως</strong></span> <span class='ocrx_word' id='word_1_387' title='bbox 846 3319 879 3370; x_wconf 85' lang='lat' dir='ltr'><strong>de</strong></span> <span class='ocrx_word' id='word_1_388' title='bbox 890 3335 942 3384; x_wconf 90' lang='lat' dir='ltr'><strong>quo</strong></span> <span class='ocrx_word' id='word_1_389' title='bbox 954 3334 1008 3368; x_wconf 89' lang='lat' dir='ltr'><strong>non</strong></span> <span class='ocrx_word' id='word_1_390' title='bbox 1019 3315 1105 3380; x_wconf 69' lang='lat' dir='ltr'><strong>magis</strong></span> <span class='ocrx_word' id='word_1_391' title='bbox 1120 3319 1222 3366; x_wconf 87' lang='lat' dir='ltr'><strong>certum</strong></span> <span class='ocrx_word' id='word_1_392' title='bbox 1232 3329 1312 3380; x_wconf 78' lang='lat' dir='ltr'><strong>quern</strong></span> 
     </span>
     <span class='ocr_line' id='line_1_40' title="bbox 183 3377 1313 3452; baseline 0 -19"><span class='ocrx_word' id='word_1_393' title='bbox 183 3385 267 3434; x_wconf 85' lang='lat' dir='ltr'><strong>Recte</strong></span> <span class='ocrx_word' id='word_1_394' title='bbox 286 3397 349 3432; x_wconf 88' lang='lat' dir='ltr'><strong>vero</strong></span> <span class='ocrx_word' id='word_1_395' title='bbox 368 3377 498 3433; x_wconf 77' lang='lat' dir='ltr'><strong>statuisse</strong></span> <span class='ocrx_word' id='word_1_396' title='bbox 515 3383 641 3435; x_wconf 84' lang='lat' dir='ltr'><strong>videntur</strong></span> <span class='ocrx_word' id='word_1_397' title='bbox 654 3386 723 3436; x_wconf 84' lang='lat' dir='ltr'><strong>l’sn-</strong></span> <span class='ocrx_word' id='word_1_398' title='bbox 773 3391 806 3441; x_wconf 80' lang='lat' dir='ltr'><strong>de</strong></span> <span class='ocrx_word' id='word_1_399' title='bbox 822 3389 1082 3452; x_wconf 62' lang='lat' dir='ltr'><strong>Cbslybnmgente,</strong></span> <span class='ocrx_word' id='word_1_400' title='bbox 1107 3384 1184 3434; x_wconf 88' lang='lat' dir='ltr'><strong>cuius</strong></span> <span class='ocrx_word' id='word_1_401' title='bbox 1200 3385 1313 3434; x_wconf 86' lang='lat' dir='ltr'><strong>mentio·</strong></span> 
     </span>
     <span class='ocr_line' id='line_1_41' title="bbox 183 3451 1314 3521; baseline 0.004 -19"><span class='ocrx_word' id='word_1_402' title='bbox 183 3455 250 3503; x_wconf 86' lang='lat' dir='ltr'><strong>wine</strong></span> <span class='ocrx_word' id='word_1_403' title='bbox 261 3457 289 3502; x_wconf 89' lang='lat' dir='ltr'><strong>et</strong></span> <span class='ocrx_word' id='word_1_404' title='bbox 299 3451 495 3518; x_wconf 82' lang='lat' dir='ltr'><strong>Weseeiingiue</strong></span> <span class='ocrx_word' id='word_1_405' title='bbox 507 3461 569 3503; x_wconf 82' lang='lat' dir='ltr'><strong>ente</strong></span> <span class='ocrx_word' id='word_1_406' title='bbox 580 3454 628 3505; x_wconf 85' lang='lat' dir='ltr'><strong>lrss</strong></span> <span class='ocrx_word' id='word_1_407' title='bbox 642 3471 722 3506; x_wconf 78' lang='lat' dir='ltr'><strong>uoces</strong></span> <span class='ocrx_word' id='word_1_408' title='bbox 772 3476 833 3511; x_wconf 83' lang='lat' dir='ltr'><strong>nem</strong></span> <span class='ocrx_word' id='word_1_409' title='bbox 845 3458 890 3508; x_wconf 88' lang='lat' dir='ltr'><strong>hie</strong></span> <span class='ocrx_word' id='word_1_410' title='bbox 905 3458 983 3507; x_wconf 86' lang='lat' dir='ltr'><strong>iniici</strong></span> <span class='ocrx_word' id='word_1_411' title='bbox 994 3470 1073 3521; x_wconf 90' lang='lat' dir='ltr'><strong>posse</strong></span> <span class='ocrx_word' id='word_1_412' title='bbox 1089 3459 1173 3520; x_wconf 75' lang='lat' dir='ltr'><strong>neget</strong></span> <span class='ocrx_word' id='word_1_413' title='bbox 1185 3454 1256 3506; x_wconf 85' lang='lat' dir='ltr'><strong>idem</strong></span> <span class='ocrx_word' id='word_1_414' title='bbox 1272 3455 1314 3504; x_wconf 86' lang='lat' dir='ltr'><strong>vir</strong></span> 
     </span>
     <span class='ocr_line' id='line_1_42' title="bbox 183 3521 1314 3592; baseline 0 -18"><span class='ocrx_word' id='word_1_415' title='bbox 183 3521 313 3574; x_wconf 81' lang='lat' dir='ltr'><strong>nonnulis</strong></span> <span class='ocrx_word' id='word_1_416' title='bbox 323 3522 467 3586; x_wconf 82' lang='lat' dir='ltr'><strong>excidisse,</strong></span> <span class='ocrx_word' id='word_1_417' title='bbox 483 3523 517 3574; x_wconf 83' lang='lat' dir='ltr'><strong>ed</strong></span> <span class='ocrx_word' id='word_1_418' title='bbox 528 3539 599 3588; x_wconf 82' lang='lat' dir='ltr'><strong>quoe</strong></span> <span class='ocrx_word' id='word_1_419' title='bbox 612 3523 663 3574; x_wconf 86' lang='lat' dir='ltr'><strong>hse</strong></span> <span class='ocrx_word' id='word_1_420' title='bbox 677 3541 723 3574; x_wconf 82' lang='lat' dir='ltr'><strong>so·</strong></span> <span class='ocrx_word' id='word_1_421' title='bbox 772 3531 877 3588; x_wconf 83' lang='lat' dir='ltr'><strong>doetus,</strong></span> <span class='ocrx_word' id='word_1_422' title='bbox 886 3527 912 3576; x_wconf 92' lang='lat' dir='ltr'><strong>id</strong></span> <span class='ocrx_word' id='word_1_423' title='bbox 922 3541 1027 3592; x_wconf 89' lang='lat' dir='ltr'><strong>quoqne</strong></span> <span class='ocrx_word' id='word_1_424' title='bbox 1036 3525 1151 3589; x_wconf 82' lang='lat' dir='ltr'><strong>emplius</strong></span> <span class='ocrx_word' id='word_1_425' title='bbox 1160 3527 1314 3590; x_wconf 78' lang='lat' dir='ltr'><strong>suspiceris,</strong></span> 
     </span>
     <span class='ocr_line' id='line_1_43' title="bbox 183 3593 1314 3660; baseline -0.002 -16"><span class='ocrx_word' id='word_1_426' title='bbox 183 3609 227 3644; x_wconf 85' lang='lat' dir='ltr'><strong>ces</strong></span> <span class='ocrx_word' id='word_1_427' title='bbox 247 3594 323 3656; x_wconf 76' lang='lat' dir='ltr'><strong>ipsae</strong></span> <span class='ocrx_word' id='word_1_428' title='bbox 344 3593 496 3658; x_wconf 86' lang='lat' dir='ltr'><strong>pertinent,</strong></span> <span class='ocrx_word' id='word_1_429' title='bbox 521 3594 554 3644; x_wconf 90' lang='lat' dir='ltr'><strong>de</strong></span> <span class='ocrx_word' id='word_1_430' title='bbox 573 3593 628 3644; x_wconf 80' lang='lat' dir='ltr'><strong>slie</strong></span> <span class='ocrx_word' id='word_1_431' title='bbox 641 3600 722 3660; x_wconf 83' lang='lat' dir='ltr'><strong>gente</strong></span> <span class='ocrx_word' id='word_1_432' title='bbox 773 3601 801 3649; x_wconf 89' lang='lat' dir='ltr'><strong>in</strong></span> <span class='ocrx_word' id='word_1_433' title='bbox 815 3597 907 3648; x_wconf 80' lang='lat' dir='ltr'><strong>endem</strong></span> <span class='ocrx_word' id='word_1_434' title='bbox 922 3596 1021 3646; x_wconf 80' lang='lat' dir='ltr'><strong>letenna</strong></span> <span class='ocrx_word' id='word_1_435' title='bbox 1034 3595 1097 3644; x_wconf 89' lang='lat' dir='ltr'><strong>olim</strong></span> <span class='ocrx_word' id='word_1_436' title='bbox 1111 3609 1218 3660; x_wconf 86' lang='lat' dir='ltr'><strong>quoque</strong></span> <span class='ocrx_word' id='word_1_437' title='bbox 1230 3595 1314 3644; x_wconf 83' lang='lat' dir='ltr'><strong>exsti-</strong></span> 
     </span>
     <span class='ocr_line' id='line_1_44' title="bbox 183 3661 1314 3728; baseline -0.001 -17"><span class='ocrx_word' id='word_1_438' title='bbox 183 3670 265 3728; x_wconf 80' lang='lat' dir='ltr'><strong>etque</strong></span> <span class='ocrx_word' id='word_1_439' title='bbox 284 3661 431 3725; x_wconf 77' lang='lat' dir='ltr'><strong>Thracica,</strong></span> <span class='ocrx_word' id='word_1_440' title='bbox 457 3665 534 3714; x_wconf 90' lang='lat' dir='ltr'><strong>euius</strong></span> <span class='ocrx_word' id='word_1_441' title='bbox 554 3664 583 3713; x_wconf 94' lang='lat' dir='ltr'><strong>in</strong></span> <span class='ocrx_word' id='word_1_442' title='bbox 602 3664 723 3728; x_wconf 84' lang='lat' dir='ltr'><strong>proxime</strong></span> <span class='ocrx_word' id='word_1_443' title='bbox 774 3669 840 3720; x_wconf 83' lang='lat' dir='ltr'><strong>tieee</strong></span> <span class='ocrx_word' id='word_1_444' title='bbox 853 3683 949 3728; x_wconf 83' lang='lat' dir='ltr'><strong>nomen</strong></span> <span class='ocrx_word' id='word_1_445' title='bbox 962 3661 1121 3726; x_wconf 75' lang='grc' dir='ltr'><strong><em>Λασονίων,</em></strong></span> <span class='ocrx_word' id='word_1_446' title='bbox 1134 3665 1177 3716; x_wconf 84' lang='lat' dir='ltr'><strong>vei</strong></span> <span class='ocrx_word' id='word_1_447' title='bbox 1190 3671 1220 3714; x_wconf 87' lang='lat' dir='ltr'><strong>ut</strong></span> <span class='ocrx_word' id='word_1_448' title='bbox 1232 3663 1314 3716; x_wconf 85' lang='lat' dir='ltr'><strong>scribi</strong></span> 
     </span>
     <span class='ocr_line' id='line_1_45' title="bbox 182 3731 1314 3797; baseline -0.001 -15"><span class='ocrx_word' id='word_1_449' title='bbox 182 3731 409 3782; x_wconf 79' lang='lat' dir='ltr'><strong>antecedentibus</strong></span> <span class='ocrx_word' id='word_1_450' title='bbox 422 3747 491 3782; x_wconf 87' lang='lat' dir='ltr'><strong>nunc</strong></span> <span class='ocrx_word' id='word_1_451' title='bbox 504 3733 534 3783; x_wconf 90' lang='lat' dir='ltr'><strong>tit</strong></span> <span class='ocrx_word' id='word_1_452' title='bbox 547 3734 662 3797; x_wconf 89' lang='lat' dir='ltr'><strong>mentio,</strong></span> <span class='ocrx_word' id='word_1_453' title='bbox 684 3736 723 3784; x_wconf 89' lang='lat' dir='ltr'><strong>in·</strong></span> <span class='ocrx_word' id='word_1_454' title='bbox 774 3737 832 3788; x_wconf 86' lang='lat' dir='ltr'><strong>vuit</strong></span> <span class='ocrx_word' id='word_1_455' title='bbox 846 3733 1003 3794; x_wconf 82' lang='lat' dir='ltr'><strong>Avorvr&#39;rov,</strong></span> <span class='ocrx_word' id='word_1_456' title='bbox 1024 3733 1093 3784; x_wconf 79' lang='lat' dir='ltr'><strong>mole</strong></span> <span class='ocrx_word' id='word_1_457' title='bbox 1106 3733 1268 3786; x_wconf 74' lang='lat' dir='ltr'><strong>transierum</strong></span> <span class='ocrx_word' id='word_1_458' title='bbox 1288 3735 1314 3781; x_wconf 93' lang='lat' dir='ltr'><strong>in</strong></span> 
     </span>
     <span class='ocr_line' id='line_1_46' title="bbox 184 3800 1314 3872; baseline 0 -20"><span class='ocrx_word' id='word_1_459' title='bbox 184 3800 355 3866; x_wconf 80' lang='lat' dir='ltr'><strong>teiligendse.</strong></span> <span class='ocrx_word' id='word_1_460' title='bbox 401 3802 533 3868; x_wconf 77' lang='lat' dir='ltr'><strong>Cirntplrrsor</strong></span> <span class='ocrx_word' id='word_1_461' title='bbox 559 3804 721 3856; x_wconf 86' lang='lat' dir='ltr'><strong>mentionem</strong></span> <span class='ocrx_word' id='word_1_462' title='bbox 775 3823 833 3872; x_wconf 88' lang='lat' dir='ltr'><strong>esp.</strong></span> <span class='ocrx_word' id='word_1_463' title='bbox 847 3809 879 3858; x_wconf 83' lang='grc' dir='ltr'>Π</span> <span class='ocrx_word' id='word_1_464' title='bbox 895 3806 1018 3869; x_wconf 87' lang='lat' dir='ltr'><strong>initium,</strong></span> <span class='ocrx_word' id='word_1_465' title='bbox 1039 3805 1151 3870; x_wconf 82' lang='lat' dir='ltr'><strong>expulso</strong></span> <span class='ocrx_word' id='word_1_466' title='bbox 1166 3804 1236 3869; x_wconf 90' lang='lat' dir='ltr'><strong>quod</strong></span> <span class='ocrx_word' id='word_1_467' title='bbox 1252 3802 1314 3852; x_wconf 88' lang='lat' dir='ltr'><strong>olim</strong></span> 
     </span>
     <span class='ocr_line' id='line_1_47' title="bbox 183 3871 1313 3942; baseline 0 -22"><span class='ocrx_word' id='word_1_468' title='bbox 183 3871 272 3920; x_wconf 83' lang='lat' dir='ltr'><strong>omitti</strong></span> <span class='ocrx_word' id='word_1_469' title='bbox 295 3871 365 3922; x_wconf 82' lang='lat' dir='ltr'><strong>irend</strong></span> <span class='ocrx_word' id='word_1_470' title='bbox 391 3871 459 3922; x_wconf 86' lang='lat' dir='ltr'><strong>mole</strong></span> <span class='ocrx_word' id='word_1_471' title='bbox 483 3873 639 3938; x_wconf 78' lang='lat' dir='ltr'><strong>suspicatos</strong></span> <span class='ocrx_word' id='word_1_472' title='bbox 664 3883 724 3926; x_wconf 83' lang='lat' dir='ltr'><strong>eret</strong></span> <span class='ocrx_word' id='word_1_473' title='bbox 775 3878 813 3928; x_wconf 92' lang='lat' dir='ltr'><strong>ibi</strong></span> <span class='ocrx_word' id='word_1_474' title='bbox 846 3876 988 3942; x_wconf 68' lang='lat' dir='ltr'><strong>legebatur</strong></span> <span class='ocrx_word' id='word_1_475' title='bbox 1018 3871 1185 3940; x_wconf 76' lang='grc' dir='ltr'><strong><em>Κιβυρήιαι.</em></strong></span> <span class='ocrx_word' id='word_1_476' title='bbox 1237 3875 1313 3935; x_wconf 78' lang='lat' dir='ltr'><strong>Quae</strong></span> 
     </span>
     <span class='ocr_line' id='line_1_48' title="bbox 184 3939 1314 4012; baseline 0.001 -24"><span class='ocrx_word' id='word_1_477' title='bbox 184 3939 380 4006; x_wconf 78' lang='lat' dir='ltr'><strong>Wesseiingius</strong></span> <span class='ocrx_word' id='word_1_478' title='bbox 402 3947 457 3992; x_wconf 89' lang='lat' dir='ltr'><strong>turn</strong></span> <span class='ocrx_word' id='word_1_479' title='bbox 480 3943 514 3992; x_wconf 93' lang='lat' dir='ltr'><strong>ob</strong></span> <span class='ocrx_word' id='word_1_480' title='bbox 530 3943 628 3993; x_wconf 77' lang='lat' dir='ltr'><strong>Martie</strong></span> <span class='ocrx_word' id='word_1_481' title='bbox 652 3945 724 4011; x_wconf 88' lang='lat' dir='ltr'><strong>qnod</strong></span> <span class='ocrx_word' id='word_1_482' title='bbox 775 3963 854 4012; x_wconf 81' lang='lat' dir='ltr'><strong>quem</strong></span> <span class='ocrx_word' id='word_1_483' title='bbox 876 3947 980 3996; x_wconf 81' lang='lat' dir='ltr'><strong>incerte</strong></span> <span class='ocrx_word' id='word_1_484' title='bbox 1004 3945 1075 4008; x_wconf 88' lang='lat' dir='ltr'><strong>sint,</strong></span> <span class='ocrx_word' id='word_1_485' title='bbox 1097 3959 1176 3995; x_wconf 90' lang='lat' dir='ltr'><strong>nemo</strong></span> <span class='ocrx_word' id='word_1_486' title='bbox 1198 3958 1251 3992; x_wconf 89' lang='lat' dir='ltr'><strong>non</strong></span> <span class='ocrx_word' id='word_1_487' title='bbox 1275 3941 1314 3990; x_wconf 85' lang='lat' dir='ltr'><strong>vi·</strong></span> 
     </span>
     <span class='ocr_line' id='line_1_49' title="bbox 184 4011 1315 4077; baseline -0.003 -17"><span class='ocrx_word' id='word_1_488' title='bbox 184 4011 313 4060; x_wconf 87' lang='lat' dir='ltr'><strong>continuo</strong></span> <span class='ocrx_word' id='word_1_489' title='bbox 328 4019 490 4062; x_wconf 82' lang='lat' dir='ltr'><strong>memoratur</strong></span> <span class='ocrx_word' id='word_1_490' title='bbox 502 4013 654 4077; x_wconf 81' lang='lat' dir='ltr'><strong>oraculum,</strong></span> <span class='ocrx_word' id='word_1_491' title='bbox 667 4022 722 4065; x_wconf 90' lang='lat' dir='ltr'><strong>turn</strong></span> <span class='ocrx_word' id='word_1_492' title='bbox 775 4017 836 4067; x_wconf 89' lang='lat' dir='ltr'><strong>det:</strong></span> <span class='ocrx_word' id='word_1_493' title='bbox 856 4015 882 4065; x_wconf 93' lang='lat' dir='ltr'><strong>id</strong></span> <span class='ocrx_word' id='word_1_494' title='bbox 894 4031 976 4066; x_wconf 88' lang='lat' dir='ltr'><strong>unum</strong></span> <span class='ocrx_word' id='word_1_495' title='bbox 992 4019 1094 4066; x_wconf 85' lang='lat' dir='ltr'><strong>certum</strong></span> <span class='ocrx_word' id='word_1_496' title='bbox 1107 4014 1215 4066; x_wconf 86' lang='lat' dir='ltr'><strong>videtur</strong></span> <span class='ocrx_word' id='word_1_497' title='bbox 1228 4023 1315 4074; x_wconf 89' lang='lat' dir='ltr'><strong>neque</strong></span> 
     </span>
     <span class='ocr_line' id='line_1_50' title="bbox 186 4079 1314 4150; baseline -0.002 -22"><span class='ocrx_word' id='word_1_498' title='bbox 186 4096 217 4128; x_wconf 89' lang='lat' dir='ltr'><strong>eo</strong></span> <span class='ocrx_word' id='word_1_499' title='bbox 238 4079 310 4143; x_wconf 88' lang='lat' dir='ltr'><strong>qnod</strong></span> <span class='ocrx_word' id='word_1_500' title='bbox 330 4081 464 4143; x_wconf 73' lang='lat' dir='ltr'><strong>Cimipbes</strong></span> <span class='ocrx_word' id='word_1_501' title='bbox 490 4085 618 4147; x_wconf 84' lang='lat' dir='ltr'><strong>gentibus</strong></span> <span class='ocrx_word' id='word_1_502' title='bbox 641 4099 723 4150; x_wconf 78' lang='lat' dir='ltr'><strong>supro</strong></span> <span class='ocrx_word' id='word_1_503' title='bbox 774 4087 830 4137; x_wconf 88' lang='lat' dir='ltr'><strong>uilo</strong></span> <span class='ocrx_word' id='word_1_504' title='bbox 845 4087 923 4138; x_wconf 88' lang='lat' dir='ltr'><strong>modo</strong></span> <span class='ocrx_word' id='word_1_505' title='bbox 936 4085 1130 4142; x_wconf 69' lang='lat' dir='ltr'><strong>dubitandum,</strong></span> <span class='ocrx_word' id='word_1_506' title='bbox 1149 4083 1273 4134; x_wconf 72' lang='lat' dir='ltr'><strong>laconum</strong></span> <span class='ocrx_word' id='word_1_507' title='bbox 1287 4079 1314 4126; x_wconf 92' lang='lat' dir='ltr'><strong>in</strong></span> 
     </span>
     <span class='ocr_line' id='line_1_51' title="bbox 186 4149 1313 4220; baseline -0.004 -20"><span class='ocrx_word' id='word_1_508' title='bbox 186 4149 341 4200; x_wconf 81' lang='lat' dir='ltr'><strong>memoretis</strong></span> <span class='ocrx_word' id='word_1_509' title='bbox 354 4150 457 4201; x_wconf 79' lang='lat' dir='ltr'><strong>fuerint</strong></span> <span class='ocrx_word' id='word_1_510' title='bbox 472 4153 567 4204; x_wconf 85' lang='lat' dir='ltr'><strong>oiiines</strong></span> <span class='ocrx_word' id='word_1_511' title='bbox 582 4155 604 4217; x_wconf 92' lang='lat'><strong>1,</strong></span> <span class='ocrx_word' id='word_1_512' title='bbox 616 4154 662 4214; x_wconf 68' lang='lat'><strong>28,</strong></span> <span class='ocrx_word' id='word_1_513' title='bbox 676 4155 723 4205; x_wconf 88' lang='lat' dir='ltr'><strong>ubi</strong></span> <span class='ocrx_word' id='word_1_514' title='bbox 776 4155 955 4218; x_wconf 85' lang='lat' dir='ltr'><strong>Herodoteis,</strong></span> <span class='ocrx_word' id='word_1_515' title='bbox 979 4154 1072 4220; x_wconf 81' lang='lat' dir='ltr'><strong>queiie</strong></span> <span class='ocrx_word' id='word_1_516' title='bbox 1091 4169 1162 4204; x_wconf 87' lang='lat' dir='ltr'><strong>nunc</strong></span> <span class='ocrx_word' id='word_1_517' title='bbox 1181 4151 1313 4210; x_wconf 81' lang='lat' dir='ltr'><strong>teruntur,</strong></span> 
     </span>
     <span class='ocr_line' id='line_1_52' title="bbox 185 4219 1316 4290; baseline -0.003 -20"><span class='ocrx_word' id='word_1_518' title='bbox 185 4219 239 4272; x_wconf 83' lang='lat' dir='ltr'><strong>vid.</strong></span> <span class='ocrx_word' id='word_1_519' title='bbox 255 4223 324 4269; x_wconf 87' lang='lat' dir='ltr'><strong>nott.</strong></span> <span class='ocrx_word' id='word_1_520' title='bbox 354 4221 459 4282; x_wconf 84' lang='lat' dir='ltr'><strong>Quibus</strong></span> <span class='ocrx_word' id='word_1_521' title='bbox 470 4222 555 4282; x_wconf 79' lang='lat' dir='ltr'><strong>adde,</strong></span> <span class='ocrx_word' id='word_1_522' title='bbox 569 4224 640 4289; x_wconf 90' lang='lat' dir='ltr'><strong>quod</strong></span> <span class='ocrx_word' id='word_1_523' title='bbox 652 4225 724 4274; x_wconf 77' lang='lat' dir='ltr'><strong>,iiur-</strong></span> <span class='ocrx_word' id='word_1_524' title='bbox 776 4233 884 4278; x_wconf 74' lang='lat' dir='ltr'><strong>exstare</strong></span> <span class='ocrx_word' id='word_1_525' title='bbox 894 4241 1006 4290; x_wconf 77' lang='lat' dir='ltr'><strong>ermque</strong></span> <span class='ocrx_word' id='word_1_526' title='bbox 1017 4224 1205 4290; x_wconf 85' lang='lat' dir='ltr'><strong>perentiqueus</strong></span> <span class='ocrx_word' id='word_1_527' title='bbox 1218 4235 1277 4272; x_wconf 85' lang='lat' dir='ltr'><strong>esse</strong></span> <span class='ocrx_word' id='word_1_528' title='bbox 1288 4223 1316 4268; x_wconf 93' lang='lat' dir='ltr'><strong>et</strong></span> 
     </span>
     <span class='ocr_line' id='line_1_53' title="bbox 185 4289 1316 4362; baseline -0.002 -22"><span class='ocrx_word' id='word_1_529' title='bbox 185 4294 217 4342; x_wconf 78' lang='lat' dir='ltr'><strong>tis</strong></span> <span class='ocrx_word' id='word_1_530' title='bbox 230 4291 301 4340; x_wconf 84' lang='lat' dir='ltr'><strong>titios</strong></span> <span class='ocrx_word' id='word_1_531' title='bbox 314 4289 415 4340; x_wconf 89' lang='lat' dir='ltr'><strong>dicitur</strong></span> <span class='ocrx_word' id='word_1_532' title='bbox 425 4290 558 4356; x_wconf 70' lang='lat' dir='ltr'><strong>chalybs,</strong></span> <span class='ocrx_word' id='word_1_533' title='bbox 573 4294 643 4344; x_wconf 89' lang='lat' dir='ltr'><strong>unde</strong></span> <span class='ocrx_word' id='word_1_534' title='bbox 654 4293 726 4344; x_wconf 84' lang='lat' dir='ltr'><strong>Cho·</strong></span> <span class='ocrx_word' id='word_1_535' title='bbox 775 4297 851 4347; x_wconf 88' lang='lat' dir='ltr'><strong>libris</strong></span> <span class='ocrx_word' id='word_1_536' title='bbox 864 4296 988 4362; x_wconf 87' lang='lat' dir='ltr'><strong>scriptis,</strong></span> <span class='ocrx_word' id='word_1_537' title='bbox 1003 4295 1050 4361; x_wconf 87' lang='lat' dir='ltr'><strong>qui</strong></span> <span class='ocrx_word' id='word_1_538' title='bbox 1061 4293 1148 4342; x_wconf 81' lang='lat' dir='ltr'><strong>sdbue</strong></span> <span class='ocrx_word' id='word_1_539' title='bbox 1161 4294 1316 4356; x_wconf 75' lang='lat' dir='ltr'><strong>supersunt,</strong></span> 
     </span>
     <span class='ocr_line' id='line_1_54' title="bbox 185 4359 1317 4433; baseline 0 -23"><span class='ocrx_word' id='word_1_540' title='bbox 185 4359 260 4425; x_wconf 86' lang='lat' dir='ltr'><strong>lybes</strong></span> <span class='ocrx_word' id='word_1_541' title='bbox 271 4359 400 4425; x_wconf 82' lang='lat' dir='ltr'><strong>sppelioti</strong></span> <span class='ocrx_word' id='word_1_542' title='bbox 410 4365 490 4424; x_wconf 87' lang='lat' dir='ltr'><strong>sunt,</strong></span> <span class='ocrx_word' id='word_1_543' title='bbox 508 4363 676 4416; x_wconf 84' lang='lat' dir='ltr'><strong>testeSchol.</strong></span> <span class='ocrx_word' id='word_1_544' title='bbox 691 4365 725 4414; x_wconf 87' lang='lat' dir='ltr'><strong>sd</strong></span> <span class='ocrx_word' id='word_1_545' title='bbox 777 4368 905 4433; x_wconf 88' lang='lat' dir='ltr'><strong>priorem:</strong></span> <span class='ocrx_word' id='word_1_546' title='bbox 922 4365 1154 4432; x_wconf 83' lang='lat' dir='ltr'><strong>qnsiecnssnnnm</strong></span> <span class='ocrx_word' id='word_1_547' title='bbox 1165 4360 1317 4426; x_wconf 84' lang='lat' dir='ltr'><strong>ducisque-</strong></span> 
     </span>
     <span class='ocr_line' id='line_1_55' title="bbox 185 4429 1304 4503; baseline -0.002 -21"><span class='ocrx_word' id='word_1_548' title='bbox 185 4430 309 4497; x_wconf 82' lang='lat' dir='ltr'><strong>tipolion.</strong></span> <span class='ocrx_word' id='word_1_549' title='bbox 320 4429 406 4486; x_wconf 79' lang='lat' dir='ltr'><strong>Rbod.</strong></span> <span class='ocrx_word' id='word_1_550' title='bbox 421 4432 521 4497; x_wconf 75' lang='lat' dir='ltr'><strong>Argon.</strong></span> <span class='ocrx_word' id='word_1_551' title='bbox 534 4433 572 4494; x_wconf 84' lang='grc' dir='ltr'><strong>ΙΙ,</strong></span> <span class='ocrx_word' id='word_1_552' title='bbox 585 4432 645 4486; x_wconf 79' lang='grc' dir='ltr'>3ῑ3.</span> <span class='ocrx_word' id='word_1_553' title='bbox 671 4435 725 4486; x_wconf 87' lang='lat' dir='ltr'><strong>Nec</strong></span> <span class='ocrx_word' id='word_1_554' title='bbox 778 4452 829 4503; x_wconf 87' lang='lat' dir='ltr'><strong>qne</strong></span> <span class='ocrx_word' id='word_1_555' title='bbox 843 4451 954 4498; x_wconf 89' lang='lat' dir='ltr'><strong>nomen,</strong></span> <span class='ocrx_word' id='word_1_556' title='bbox 970 4435 1042 4500; x_wconf 89' lang='lat' dir='ltr'><strong>quod</strong></span> <span class='ocrx_word' id='word_1_557' title='bbox 1055 4434 1083 4483; x_wconf 92' lang='lat' dir='ltr'><strong>in</strong></span> <span class='ocrx_word' id='word_1_558' title='bbox 1098 4431 1150 4481; x_wconf 83' lang='lat' dir='ltr'><strong>hue</strong></span> <span class='ocrx_word' id='word_1_559' title='bbox 1165 4447 1168 4450; x_wconf 91' lang='lat'>·</span> <span class='ocrx_word' id='word_1_560' title='bbox 1298 4431 1304 4436; x_wconf 84' lang='lat'>&#39;</span> 
     </span>
    </p>
   </div>
   <div class='ocr_carea' id='block_1_4' title="bbox 1051 4515 1119 4582">
    <p class='ocr_par' dir='ltr' id='par_1_8' title="bbox 1051 4515 1119 4582">
     <span class='ocr_line' id='line_1_56' title="bbox 1051 4515 1119 4582; baseline 0 0"><span class='ocrx_word' id='word_1_561' title='bbox 1051 4515 1119 4582; x_wconf 86' lang='grc'><strong>36*</strong></span> 
     </span>
    </p>
   </div>
   <div class='ocr_carea' id='block_1_5' title="bbox 0 0 1540 4972">
    <p class='ocr_par' dir='ltr' id='par_1_9' title="bbox 0 0 1540 4972">
     <span class='ocr_line' id='line_1_57' title="bbox 0 0 1540 4972; baseline 0 0"><span class='ocrx_word' id='word_1_562' title='bbox 0 0 1540 4972; x_wconf 95' lang='lat' dir='ltr'><strong> </strong></span> 
     </span>
    </p>
   </div>
  </div>
 </body>
</html>
