3010 4966
212 367 271 439 138
643 365 910 434 Hauououi

210 551 298 623 εἶπε·
330 537 370 618 Ὦ
390 543 753 636 transmaritimum,
775 544 877 616 πάλιν
898 544 1015 636 χόρει,
1038 539 1120 635 μηδ’
1142 551 1231 616 ἔσιθι
1248 544 1284 622 ές
1304 535 1340 610 τό

210 653 298 744 ἱρόν·
327 649 445 741 οὐγὰρ
466 647 607 741 θεμιτὸν
621 657 790 738 Δωριεῦσι
812 656 966 740 παριέναι
983 655 1140 721 ένθαῦτα.
1167 643 1237 718 tol
1254 647 1340 716 εἶπε·

204 750 245 830 Ὠ
266 757 382 848 μόναι,
405 752 480 825 ἀλλ’
500 753 541 826 οὐ
555 755 707 844 Δωριεύς
728 763 812 846 εἰμι,
833 752 908 825 ἀλλ’
932 753 1067 842 Ἀχαιός.
1101 750 1137 822 ‘0
1156 753 1218 841 μέν
1239 749 1280 840 δὴ
1300 754 1342 839 τῇ

210 862 347 952 κληδόνι
362 857 463 930 οὐδὲν
477 858 661 950 χρεώμενος
671 863 864 949 ἐπεχείρησέ
874 888 909 929 τε
921 861 976 929 καὶ
989 858 1061 928 τότε
1075 856 1176 928 πάλιν
1191 858 1340 939 ἐξέπιπτε

209 965 290 1057 μετὰ
312 969 380 1035 τῶν
394 969 679 1053 Λακεδαιμονίων.
721 961 798 1044 τοὺς
820 963 856 1033 ol
874 961 994 1042 ἄλλους
1014 960 1186 1052 Ἀθηναῖοι
1201 963 1339 1047 κατέδη-

211 1089 275 1140 σαν
294 1068 355 1158 τὴν
375 1069 429 1139 έπ1
448 1067 605 1158 θανάτῳ,
629 1071 666 1137 ἐν
688 1067 723 1135 δέ
743 1065 871 1136 αὐτοῖσι
890 1069 945 1136 καὶ
964 1075 1166 1155 Τιμησίθεον
1180 1062 1239 1132 τόν
1253 1071 1338 1132 Δελ-

212 1171 294 1262 φόν,
317 1177 377 1242 τοῦ
390 1180 470 1261 ἔργα
484 1175 604 1261 χειρῶν
624 1199 659 1240 τε
679 1173 735 1239 καὶ
749 1169 890 1260 λήματος
904 1167 1010 1259 ἔχοιμ’
1026 1166 1069 1239 ἂν
1088 1172 1225 1260 μέγιστα
1240 1195 1338 1236 κατα-

164 1287 203 1349 73
213 1281 312 1362 λέξαι.
346 1267 438 1346 οὗτοι
466 1278 528 1365 μέν
556 1301 621 1343 νυν
651 1275 821 1362 δεδεμένοι
850 1273 1075 1361 ἐτελεύτησαν.
1112 1271 1283 1360 Ἀθηναῖοι
1303 1269 1340 1338 δὲ

186 1405 189 1412 ’
210 1380 291 1472 μετὰ
305 1385 408 1451 ταῦτα
422 1380 630 1448 Κλεισθένεα
644 1378 699 1446 καὶ
713 1375 752 1446 τὰ
766 1377 942 1449 ἑπτακόσια
957 1381 1085 1448 ἐπίστια
1100 1375 1138 1446 roi
1154 1377 1340 1463 διωχθέντα

208 1581 301 1632 loctet.
323 1579 395 1630 1255.
421 1576 544 1642 Euripid.
565 1577 664 1628 Electa
687 1575 747 1628 150.
800 1592 847 1635 τος
872 1583 946 1630 recte
964 1579 1136 1630 Florentinos
1158 1581 1185 1627 at
1203 1574 1339 1626 Sanerolti

209 1649 335 1713 Aeschyl.
348 1648 499 1713 Choiphor.
512 1645 571 1697 5611.
587 1645 649 1712 [563
660 1647 749 1697 Blorn-
799 1647 881 1710 liber3
910 1649 956 1700 alii
979 1643 1136 1713 λήμματος,
1155 1647 1243 1696 minua
1260 1646 1337 1708 bene,

209 1719 291 1784 fiola,
307 1719 385 1768 cuius
399 1717 567 1768 Glossarium
581 1714 651 1782 vid.]
666 1744 698 1752 -
716 1717 748 1766 In
800 1723 830 1768 ut
845 1723 923 1770 notat
938 1718 1100 1783 Wesseling.
1115 1719 1203 1767 citans
1216 1715 1336 1766 Pierson.

209 1805 283 1855 seqq.
295 1803 343 1852 pro
354 1787 438 1851 χαίρει
446 1785 594 1850 Schweigh.
606 1790 750 1851 exspecta·
800 1787 834 1836 ad
850 1791 935 1839 lloer.
951 1805 977 1852 p.
992 1790 1056 1850 215,
1081 1792 1149 1836 nott.
1172 1787 1206 1835 ad
1224 1785 1336 1836 Diodor.

208 1863 257 1912 bat
266 1854 363 1923 χοόρεε,
380 1859 448 1923 qnod
459 1873 512 1906 non
523 1855 609 1920 magis
619 1857 749 1919 recipien·
801 1857 839 1918 ΙΙ,
851 1857 893 1920 58,
912 1858 1012 1908 Graev.
1027 1859 1061 1907 ad
1072 1857 1185 1906 anian.
1201 1855 1307 1904 Soloec.
1321 1855 1337 1905 5

208 1931 270 1980 dum
281 1928 404 1980 existimo
418 1941 496 1991 quam
508 1939 590 1989 supra
603 1927 634 1985 V,
645 1925 678 1975 67
691 1919 747 1974 δέει
802 1924 1335 1993 [T.111.pouted.1teitz.],vslclrensr.

208 2015 256 2065 pro
269 1997 326 2060 δεῖ,
345 1997 410 2047 lieet
423 1996 502 2046 aliter
515 1998 620 2044 statuat
632 1994 747 2046 Bredov.
799 1997 934 2048 Observv.
950 1998 987 2061 11,
1004 1999 1029 2048 5.
1051 1995 1144 2059 Ipsam
1157 2009 1251 2044 vocem
1263 1999 1337 2044 veto-

209 2085 234 2134 p.
249 2069 310 2120 374.
332 2067 457 2117 Retinoit
472 2079 578 2130 quoque
590 2064 747 2115 Dietschius
798 2082 842 2117 res
857 2067 1030 2132 grammatici
1045 2070 1197 2130 exponunt:
1216 2056 1336 2128 θάρσος,

207 2131 303 2203 χτόρει,
317 2138 364 2200 qui
377 2136 430 2197 Vl,
445 2135 478 2186 65
490 2125 645 2194 ἀποστερεῖ
661 2139 748 2184 muta·
799 2136 816 2186 i.
830 2153 853 2188 e.
867 2155 893 2187 ar
902 2138 970 2185 imum
981 2138 1086 2200 sortem,
1102 2149 1247 2198 μετετοειιοι
1259 2135 1337 2184 adeo·

207 2210 249 2260 vit
274 2211 303 2260 in
323 2199 486 2268 ἀποστερέει
510 2203 624 2253 eundem
647 2204 747 2254 Bredo-
798 2223 845 2271 ραι
857 2155 1033 2264 ιιοδατειιι,ιι1
1047 2204 1150 2265 v,111.
1163 2203 1226 2265 VII,
1239 2203 1273 2254 99
1286 2203 1336 2252 ibi-

207 2280 280 2329 vium
292 2281 410 2327 secutus.
436 2272 567 2339 Equidem
580 2277 675 2322 neutro
686 2273 746 2323 loco
800 2292 850 2340 qne
864 2281 932 2326 nott.
943 2276 990 2335 IX,
1001 2275 1042 2325 62.
1059 2273 1155 2323 Glossa
1166 2273 1334 2323 Herodotea:

206 2347 348 2412 vulgatam
372 2344 523 2394 immutavi.
561 2343 628 2392 Cum
653 2342 747 2393 eodem
798 2333 1167 2409 λη’μα·ο1ξιάιια1ἆνδρεία.
1193 2341 1275 2391 Plura
1288 2343 1336 2392 da·

207 2415 357 2480 Schweigh.
379 2421 406 2466 et
425 2413 542 2464 caeteris
564 2412 624 2463 edd.
647 2413 747 2463 retinui
798 2415 866 2464 bunt
887 2413 1033 2464 Blomliold.
1053 2413 1080 2462 in
1100 2411 1221 2462 Glossar.
1238 2411 1272 2461 ad
1285 2411 1335 2461 Λε-

205 2483 359 2551 Ancarius,
392 2486 469 2535 caius
500 2483 561 2533 loco
585 2481 747 2532 Schaelerns
798 2483 884 2547 schyl.
905 2483 932 2534 S.
948 2500 972 2534 c.
992 2482 1077 2533 Theb.
1091 2484 1142 2533 144
1159 2485 1186 2531 et
1203 2479 1335 2548 Leopold.

206 2555 332 2620 Δωριῆα.
366 2555 399 2604 ln
420 2569 495 2619 seqq.
512 2567 561 2616 pro
584 2550 654 2602 rosle
672 2549 745 2614 vulg.
798 2553 833 2602 ad
844 2553 982 2604 Plutarch.
995 2553 1063 2602 Mar.
1080 2565 1141 2616 cap.
1154 2551 1194 2604 11.

205 2622 338 2689 κλεηδόνι
351 2623 460 2674 restitui
474 2614 591 2684 κληδόνι
604 2635 664 2669 curn
679 2620 747 2668 Din-

205 2694 274 2746 riorl.
284 2693 445 2756 (Commeat.
453 2689 487 2739 do
497 2688 670 2738 dialllorod.
681 2703 744 2752 pag.
962 2723 1027 2773 Um
1041 2721 1168 2773 LXXIII·

204 2760 360 2822 XXXVIII)
373 2763 401 2808 et
416 2759 533 2807 Brcdov.
547 2774 572 2822 p.
590 2757 652 2808 ltu:
675 2757 745 2806 idam

204 2830 279 2880 dedit
295 2826 416 2877 Dietach.
830 2814 864 2872 roi
875 2815 1027 2874 ἑπτακόσια
1038 2813 1159 2888 ἐπίστια]
1172 2824 1213 2875 Ol.
1221 2829 1289 2874 nott.
1298 2825 1333 2874 εδ

244 2887 373 2956 ἐξέπιπτε
397 2886 466 2958 μετὰ
491 2893 549 2941 ταῖν
569 2891 744 2955 Ααιιεδαιμο-
795 2895 828 2954 V,
839 2895 881 2943 72.
910 2897 1028 2959 lnaeqq.
1042 2908 1112 2958 quae
1124 2899 1187 2944 ante
1197 2891 1334 2943 Λακεδαι-

204 2963 285 3030 νέαν]
307 2965 324 3015 i.
338 2979 361 3014 e.
375 2964 483 3026 excidit,
500 2967 579 3012 evasit
592 2961 697 3026 (salvos
711 2977 743 3012 cx
794 2962 912 3027 μονέονς
927 2967 956 3014 in
968 2963 1091 3014 omnibus
1107 2963 1184 3015 codd.
1195 2964 1334 3015 invenitur

203 3034 277 3099 arce)
297 3049 347 3082 αιια
364 3049 417 3084 cara
440 3032 654 3083 Lacedaemoniis.
692 3032 745 3081 Re·
794 3035 960 3098 praepositio
976 3028 1063 3098 πρὸς,
1081 3039 1287 3098 eamtamquam
1301 3048 1334 3083 ex

169 3133 173 3144 ·
203 3106 292 3170 spexit
301 3103 369 3153 haec
380 3101 553 3166 Aristophan.
565 3103 682 3166 Lysistr.
692 3101 743 3154 27³
794 3104 1018 3154 antecedentibus
1033 3095 1123 3167 πρός
1136 3097 1247 3164 Πέρσας
1264 3101 1333 3152 malo

204 3170 379 3241 [nonnoni.
413 3171 454 3222 Ad
474 3187 519 3234 ea,
558 3187 610 3222 nae
629 3185 744 3238 sequun-
793 3172 848 3222 huc
874 3173 980 3222 illatam
1007 3172 1155 3238 Schweigh.
1190 3177 1218 3221 et
1244 3172 1331 3223 Gaisl.

201 3251 262 3307 tur,
293 3235 451 3305 κατέδησαν
468 3235 521 3306 τὴν
541 3187 589 3294 δπλ
614 3233 741 3308 θανάτῳ,
793 3257 904 3307 prorsus
922 3242 1099 3294 sustulerunt.
1134 3241 1269 3292 Matthiae
1284 3257 1333 3291 un-

202 3313 274 3365 conf.
289 3317 359 3362 nott.
373 3311 407 3361 ad
421 3313 444 3374 Ι,
457 3312 518 3362 209.
792 3311 832 3361 cis
848 3311 1010 3372 incluserat,
1031 3315 1061 3360 ut
1080 3316 1234 3375 suspectam
1251 3327 1333 3362 vocu-

235 3377 283 3430 ιιαλ
295 3379 475 3446 Τιμησίθεον
485 3372 536 3429 τὸν
548 3373 674 3446 Δελφὸν]
691 3370 741 3427 τόν
791 3381 854 3433 lam.
878 3381 1009 3446 Equidem
1019 3395 1079 3430 cum
1090 3384 1203 3430 reeentt.
1214 3379 1275 3430 edd.
1290 3395 1333 3429 ro-

200 3445 314 3514 Δελφόν
328 3451 494 3500 el‘susania
506 3449 553 3508 VI,
566 3449 592 3500 8.
606 3451 630 3512 ἕ.
644 3451 675 3513 4,
695 3449 741 3512 qui
792 3450 864 3500 tinni
877 3450 1104 3515 praepositionem
1117 3450 1235 3499 omnium
1249 3449 1332 3499 libro·

200 3521 226 3571 h.
241 3520 258 3569 l.
274 3520 411 3585 respexit,
431 3519 528 3568 dudum
548 3517 666 3568 correxit
680 3517 741 3567 Pal·
791 3534 849 3568 rum
878 3519 1039 3584 scriptorum
1070 3519 1234 3569 auctoritate
1262 3519 1332 3568 satis

200 3591 316 3650 merlus,
348 3589 480 3652 probante
506 3587 686 3652 Wessclingio
712 3587 741 3636 in
791 3589 920 3638 munitam
934 3594 961 3638 et
972 3590 1012 3639 sio
1025 3588 1230 3653 explicandam,
1248 3593 1279 3636 ut
1295 3587 1331 3636 ad

200 3660 275 3709 Dias.
294 3657 426 3708 Her-odet.
444 3656 492 3708 XI.
511 3671 572 3719 pag.
591 3657 653 3718 1115,
678 3671 740 3706 curn
790 3647 1040 3720 ἐκπεπολεμῶσθαι
1052 3658 1200 3718 referatur,
1213 3656 1330 3722 adquod

201 3743 292 3779 omnes
312 3727 375 3776 libri
398 3726 500 3775 l'errent
522 3720 573 3773 τδν
590 3717 738 3786 α’δελφεόν.
790 3727 862 3777 idem
887 3728 968 3778 etiarn
989 3729 1108 3793 pertinet
1132 3727 1241 3777 dativus
1268 3739 1329 3788 σφι,

200 3797 243 3849 Αδ
263 3793 441 3858 Τιμησίθεον
464 3792 485 3842 0
492 3809 516 3844 r.
541 3792 659 3843 conferri
680 3793 740 3844 vult
791 3795 825 3845 ad
838 3798 922 3861 ipsos,
933 3797 950 3847 i.
958 3813 981 3850 e.
992 3797 1180 3856 Athenienses,
1192 3799 1329 3860 spectans,

147 3887 151 3894 ⁴
200 3863 403 3918 Drakenborch.
418 3861 453 3911 ad
467 3863 527 3914 Liv.
540 3865 573 3921 V,
588 3863 629 3911 28.
664 3865 739 3924 Quae
789 3865 971 3916 hunclerein
987 3866 1108 3916 modum:
1132 3865 1329 3916 ecieboalenim

201 3926 560 4002 εεηαααιατέοχαχειραῖν,
577 3931 739 3983 satlsintel-
791 3933 946 3999 (Cleomene
973 3935 1252 3999 Lacedaemoniisqne
1284 3949 1329 3984 ex-

202 4009 310 4074 ligimus
335 4019 350 4054 a
372 4001 511 4052 Pausania
538 4015 569 4050 eo
593 4001 737 4063 per-tinere,
789 4003 876 4068 pulsia
893 4003 1212 4054 etClistheneonacum
1229 4002 1330 4053 exsuli-

202 4077 274 4142 quod
285 4077 313 4126 in
325 4070 467 4140 pancratio
482 4073 537 4119 tres
551 4068 596 4118 ille
609 4069 738 4120 victorias
788 4073 839 4124 bus
856 4073 1055 4124 Alcmaeonidis
1078 4071 1219 4139 revocato)
1241 4074 1329 4123 bellum

201 4145 331 4211 Pythicas
349 4143 470 4203 duasque
489 4137 646 4201 Olympicus
668 4144 739 4188 retu·
788 4145 850 4204 ipsis
868 4147 997 4207 conflatum
1015 4159 1071 4193 esre
1088 4159 1141 4193 cum
1156 4143 1328 4193 Lacedaemo-
1385 4173 1389 4180 ·

201 4215 280 4265 leret.
313 4209 379 4276 ἔργα
401 4206 523 4272 λη’ματος
543 4207 577 4255 ad
601 4205 738 4256 tortitudi·
788 4197 1328 4277 niteatqueCliomene,sive‚atSohweip-

202 4299 261 4333 nem
280 4282 404 4332 bellicam
419 4278 522 4334 reiero;
547 4289 609 4324 nam
623 4281 739 4341 utraque
788 4279 934 4330 haerrserus
946 4281 1035 4331 reddit
1048 4285 1076 4331 et
1087 4282 1226 4332 Diodori:
1254 4282 1327 4331 inlel-

201 4351 281 4401 laude
297 4349 411 4415 insignis
429 4347 481 4396 luit
496 4342 684 4408 Τιμασίθεος.
708 4351 739 4396 ut
787 4351 905 4398 texerant
923 4353 999 4412 enirn,
1023 4351 1110 4400 bellum
1130 4351 1181 4401 sibi
1203 4353 1327 4400 immisere

200 4420 354 4476 Pausanias
368 4416 415 4470 1.1.
428 4431 488 4468 aum
500 4411 629 4479 appellat.
653 4407 739 4480 λη’μα-
787 4433 839 4468 cnm
849 4419 1053 4471 Lacedaemoniis
1063 4429 1089 4470 et
1094 4421 1229 4482 Cleomene.
1245 4419 1326 4469 Hunc
