3010 4966
496 303 862 371 uuRPSIuflottu.
883 307 919 371 V.
943 315 985 375 66.
1252 315 1309 381 117

172 475 236 567 μὶν
250 473 316 548 dclv
336 482 491 569 δοκίμου,
515 473 598 570 irie
618 477 658 551 rel
676 477 845 554 ἀνέκαθεν
857 478 919 554 ούκ
939 491 1002 573 ἔχεο
1016 483 1158 574 φράσαι·
1183 487 1307 562 θύουσι

111 597 172 651 404
182 583 217 652 di
232 587 268 652 ol
276 587 454 672 συγγενέες
473 579 578 654 αύτού
590 591 653 655 Διῒ
665 593 790 676 Καρίῳ.
818 576 910 656 οὗτοι
929 593 964 657 ol
973 585 1094 675 ἄνδρες
1110 594 1323 684 ἐστασίασαυγ

172 689 250 774 περὶ
265 687 441 777 δυνάμιος,
463 687 660 778 ἑσσούμενος
681 690 718 759 db
738 685 979 779 ὁΚιΙεισθέυης
998 689 1057 761 τὸν
1078 699 1184 783 δῆμον
1204 719 1304 786 προσ-

172 798 380 878 εταιρίζεται·
406 789 489 881 μετὰ
509 791 545 861 dl
565 793 791 883 τετραφύλους
806 793 920 875 ἐόντας
944 791 1142 886 Ἀθηναίους
1157 801 1303 889 δεκαφύ-

204 951 312 1007 eaesae
326 952 357 1008 dl
369 951 400 1007 ol
411 951 554 1023 συγγενέες
564 949 714 1013 nitrosae
765 960 892 1025 Caribus,
908 961 1068 1028 quibuscum
1083 967 1188 1016 mature
1203 965 1303 1019 habue-

171 1025 281 1094 Καοίῳ]
298 1029 341 1079 De
356 1028 413 1078 Ιουε
425 1030 500 1080 Cario
520 1030 591 1080 etde
606 1030 712 1084 Caribus
762 1031 819 1080 rint
839 1035 1041 1096 commercium,
1062 1035 1169 1086 confusi
1188 1035 1300 1087 fuerint.

170 1097 225 1147 vid.
240 1103 310 1151 nott.
321 1098 355 1148 ad
367 1099 390 1160 Ι,
404 1099 461 1149 171.
489 1098 631 1149 Pertinent
645 1116 709 1151 vero
760 1100 804 1151 De
817 1116 871 1165 quo
884 1107 946 1152 utut
960 1106 1077 1168 statuis,
1096 1104 1178 1154 Cares
1194 1122 1240 1170 per
1253 1122 1300 1156 eu-

169 1167 237 1218 baec
253 1168 288 1217 ad
304 1183 384 1218 saera
392 1169 534 1234 gentilicia,
556 1184 625 1233 quse
638 1171 709 1235 apud
761 1170 917 1234 tiquitatem
930 1171 1045 1224 infames
1056 1174 1142 1225 luisse
1157 1181 1300 1242 monstrat,

169 1236 348 1289 Athenienses
366 1253 419 1288 nou
440 1237 519 1288 aliter
536 1243 620 1304 atque
636 1241 708 1304 apud
758 1239 852 1290 eodem
863 1241 1025 1293 observante
1036 1243 1226 1308 Valckenario,
1240 1261 1300 1310 pro-

168 1307 305 1357 Romauos
319 1307 442 1372 aliasque
457 1309 631 1373 antiquitatis
645 1325 708 1374 gen·
757 1311 878 1360 verbium
896 1303 928 1359 ἐν
942 1307 1038 1373 Καρὸς
1056 1310 1132 1378 αἴσῃ.
1166 1314 1208 1366 cf.
1227 1315 1299 1367 aliae

168 1381 210 1426 tes
221 1377 320 1426 eximie
332 1377 498 1427 colebantur.
526 1378 640 1442 Spectat
655 1379 706 1430 hue
757 1379 860 1430 similes
873 1379 1023 1432 locutiones
1032 1383 1105 1446 apud
1113 1384 1236 1448 Euripid.
1249 1385 1300 1448 Cy-

166 1461 220 1496 vox
239 1439 270 1494 ol
282 1443 438 1511 συγγενέες,
460 1447 493 1497 de
507 1448 586 1498 cuius
604 1448 705 1513 signifi·
757 1447 893 1513 etoputo.
906 1450 1020 1502 Aristid.
1031 1451 1063 1502 T.
1076 1453 1129 1504 111.
1141 1469 1168 1517 p.
1182 1453 1241 1504 256.
1256 1454 1299 1504 Gi·

166 1516 276 1566 estisne
296 1516 347 1566 tali
366 1517 393 1565 in
414 1533 443 1567 re
462 1518 589 1580 exposuit
605 1518 704 1570 Meier:
756 1533 809 1568 cer.
821 1518 913 1570 Flauo.
925 1535 947 1569 c.
957 1520 1004 1570 27:
1019 1520 1143 1586 „Siquid
1155 1538 1215 1572 cum
1227 1524 1297 1588 peri·

167 1587 210 1634 De
227 1585 384 1649 gentilitate
403 1601 464 1652 pag.
478 1587 525 1636 27:
549 1587 705 1638 indicantur
755 1587 816 1638 culo
829 1590 943 1653 experiri
956 1588 1037 1650 velis,
1049 1590 1077 1639 iu
1090 1591 1157 1642 Cure
1169 1591 1197 1641 id
1210 1593 1297 1655 potis-

167 1656 239 1706 euim
258 1660 383 1720 cognati,
404 1656 447 1707 vel
462 1656 555 1721 potius
575 1658 619 1723 qui
633 1658 704 1735 eique·
754 1657 850 1708 simum
863 1674 922 1710 esse
935 1658 1121 1710 faciundum.“
1139 1659 1200 1712 Vid.
1215 1662 1297 1713 Hem-

166 1724 226 1774 dem
240 1732 305 1774 suut
322 1726 430 1790 generis
449 1741 471 1777 s.
485 1727 579 1792 stirpis
599 1719 641 1791 (oi
656 1742 703 1776 ον-
755 1727 872 1778 sterhus.
903 1728 939 1778 acl
968 1729 1126 1794 Argument.
1155 1729 1294 1796 Aristoph.

165 1807 210 1851 τες
224 1782 254 1842 la
264 1792 314 1843 τοῦ
326 1785 416 1843 αύτού
426 1793 538 1859 γε’νους,
553 1801 584 1846 ut
593 1797 633 1846 sit
643 1797 704 1847 Am·
752 1795 825 1847 Plut.
840 1813 904 1862 pag.
920 1798 937 1849 6
952 1803 995 1858 et,
1008 1803 1123 1850 notante
1134 1799 1197 1857 Or..
1212 1801 1296 1851 Hein-

164 1879 236 1916 man.
253 1880 315 1930 pag.
330 1863 372 1930 8),
393 1865 509 1930 indeque
527 1865 623 1916 iisdem
641 1882 704 1931 ope·
754 1865 823 1916 dori.
841 1866 875 1916 ad
890 1866 997 1918 Platon.
1014 1868 1133 1934 Euthyd.
1153 1884 1216 1934 pag.
1232 1870 1295 1921 344.

165 1937 259 1984 rantur
293 1935 379 1985 sacris
414 1934 580 2000 eundemque
610 1933 704 1986 colunt
753 1935 828 1986 Idem
851 1937 899 1986 Gr.
925 1935 978 1986 buc
1005 1938 1076 1988 citat
1101 1939 1295 1990 Pseudo-Plu-

163 2003 241 2054 deum
256 2003 413 2066 tutelarem,
425 2007 511 2054 totius
522 2005 611 2069 gentis
624 2005 703 2070 quasi
754 2003 843 2054 tareh.
853 2005 895 2054 De
904 2005 1015 2070 maligu.
1023 2007 1153 2059 Herodot.
1161 2024 1223 2074 pag.
1233 2007 1294 2060 860.

164 2073 326 2136 praesidem.
354 2074 433 2124 Hunc
448 2073 703 2140 igiturdeumquod
754 2099 789 2110 ·-
817 2073 859 2123 Ad
891 2074 1001 2125 verbum
1030 2077 1293 2138 ποοσεταιρίζεσθαι

164 2143 295 2208 leagorae
315 2159 381 2206 gens
401 2143 483 2194 coluit
499 2143 581 2194 Ionem
594 2143 703 2202 Curium,
754 2143 827 2193 coni.
849 2142 908 2205 ΙΙΙ,
932 2144 974 2193 70.
1022 2145 1074 2207 Qui
1097 2146 1230 2196 Herodoti
1253 2147 1293 2197 lo·

162 2212 191 2262 id
207 2217 251 2264 est
264 2214 432 2278 peregrinum
446 2213 526 2277 quasi
539 2212 631 2274 deum,
648 2228 702 2262 nou
753 2227 813 2262 cum
837 2211 915 2262 atlert
930 2213 1068 2276 verboque
1087 2213 1293 2276 προσεταιρίζε-

162 2283 285 2332 Attieum
304 2298 337 2332 ac
359 2283 405 2332 vix
426 2283 576 2344 Graecum,
600 2283 629 2332 id
651 2281 702 2332 hoc
753 2279 824 2330 σθαι
840 2295 899 2330 eam
914 2282 997 2332 tribui
1012 2282 1070 2330 vult
1083 2283 1111 2333 h.
1124 2283 1142 2332 l.
1156 2284 1293 2348 significa·

161 2350 221 2402 loeo
246 2357 384 2418 tamquam
408 2351 544 2417 peculiare
567 2351 701 2416 quoddam
752 2352 863 2410 tionem,
874 2351 1031 2415 utscriptor
1040 2351 1153 2402 dixerit:
1168 2354 1293 2413 „Clisthe-

162 2420 298 2485 proiertur
323 2427 351 2473 et
367 2421 403 2472 ad
421 2423 549 2487 Isagorae
568 2421 699 2486 originem
750 2436 795 2472 nes
813 2419 878 2470 lube
893 2421 940 2470 dur
956 2422 1024 2471 Velle
1041 2437 1073 2470 zu
1086 2423 1171 2471 aeiner
1185 2422 1292 2472 Hetsirie

161 2490 351 2542 declarandam
361 2491 483 2542 nonnihil
495 2492 608 2552 iaciens,
619 2491 700 2556 quod,
747 2489 896 2556 petractem
918 2491 1051 2540 Buettuer
1072 2489 1246 2554 (Gesclrichte
1266 2491 1292 2540 d.

162 2561 208 2626 qui
225 2561 258 2612 sd
272 2561 401 2627 Isagoraa
415 2569 523 2624 gentem
536 2564 698 2626 pertineant,
751 2559 914 2624 politischen
923 2559 1069 2610 Hetiirieeu
1080 2560 1108 2608 iu
1117 2559 1216 2610 Athen.
1229 2575 1291 2625 pag.

160 2637 265 2694 nou,ut
275 2630 629 2696 reliquisthenienseedosr·
636 2643 701 2694 cup·
753 2627 813 2693 16),
837 2630 860 2679 is
876 2628 941 2679 mibi
958 2645 1012 2679 non
1025 2645 1134 2693 prorsus
1150 2632 1224 2679 recte
1236 2631 1291 2678 vim

159 2698 271 2766 γενείῳ,
289 2705 321 2752 ut
334 2701 485 2752 vocabatur
503 2698 552 2765 (ci.
567 2699 699 2750 Cranaen:
750 2699 831 2750 lruius
844 2699 920 2749 verbi
934 2699 961 2750 h.
975 2698 993 2750 l.
1009 2699 1116 2763 cepisse
1130 2699 1252 2763 videtur,
1267 2699 1291 2749 si

160 2769 313 2832 Symblll.
328 2787 354 2836 p.
369 2768 570 2835 llbed.tert.),
586 2769 702 2820 sedloci
751 2770 857 2834 quidem
878 2770 965 2818 nostri
989 2769 1132 2834 scriptoris
1156 2769 1224 2818 baec
1244 2785 1291 2834 po·

160 2839 235 2890 Cario
248 2841 455 2890 sacrasaciant:
473 2855 506 2888 ex
519 2855 570 2905 quo
584 2839 654 2904 ipso,
669 2845 701 2890 ut
750 2840 806 2889 tius
823 2843 864 2888 est
887 2839 1035 2888 sententia:
1058 2836 1224 2902 (illstbeues,
1244 2839 1290 2902 qui

159 2911 229 2960 scite
248 2910 404 2975 suspicatur
424 2907 603 2966 Valckenar.,
626 2908 700 2958 vilis·
749 2909 874 2974 princeps
888 2923 921 2957 ac
936 2909 989 2958 ουτ
1002 2897 1289 2973 Ιεοῐὶοοὶι(ἕταιοίας)

159 2979 380 3030 simamhominis
391 2979 521 3044 originem
536 2993 699 3043 cognoscere
748 2977 1003 3028 Alcmaeonidurum
1034 2975 1067 3042 (i.
1097 2993 1120 3027 e.
1147 2977 1287 3032 nobilium.

158 3045 251 3109 liceat,
264 3049 489 3100 hisverbistecte
500 3047 697 3112 quodammodo
748 3045 934 3111 optimatium)
955 3051 1028 3110 erat,
1049 3063 1110 3097 cum
1126 3047 1159 3096 ab
1175 3062 1222 3107 eo,
1241 3045 1289 3111 qui

158 3119 322 3182 indicatam,
341 3119 365 3169 si
379 3119 484 3183 quidem
497 3117 561 3168 iude
572 3121 696 3182 apparet,
748 3115 860 3167 alterius
880 3117 1008 3167 factionis
1028 3116 1172 3178 duxerat,
1197 3115 1288 3166 victua

160 3189 275 3239 maiores
289 3189 371 3240 Curii
384 3188 513 3238 oriundos
528 3187 556 3235 in
575 3187 696 3236 Atticam
747 3191 836 3249 esset,
859 3187 912 3235 iam
929 3185 1056 3252 populum
1073 3183 1287 3251 (Alcmaeonidis

158 3259 447 3322 recepticumessent,
463 3258 696 3321 sacrapatriare·
746 3261 811 3305 ante
838 3255 975 3305 infensum
998 3259 1026 3306 et
1049 3257 1078 3304 iu
1098 3255 1287 3305 Pisistratidas

158 3328 271 3378 tinuisse
281 3327 321 3393 (id
334 3329 405 3392 quod
420 3326 576 3392 inquilinis,
591 3325 695 3376 liberti·
745 3323 920 3389 propensum)
937 3323 972 3374 ad
988 3339 1053 3374 suas
1072 3331 1162 3388 partes
1180 3322 1288 3374 trahere

159 3397 216 3458 nis,
236 3398 300 3447 aliis
319 3413 479 3448 concessum
498 3395 583 3447 fuisse
604 3399 694 3446 osten·
745 3401 773 3444 et
798 3409 863 3445 suae
892 3393 1008 3443 factioni
1035 3393 1182 3444 conciliare
1208 3393 1288 3442 insti-

158 3467 241 3526 duut,
262 3481 332 3532 quae
346 3467 475 3517 disseruit
484 3465 654 3517 Selroesusnn
666 3465 694 3514 iu
745 3464 814 3524 tuit,
833 3478 887 3528 quo
900 3462 995 3514 melius
1009 3461 1195 3513 adversarium
1208 3478 1287 3528 supe-

157 3536 315 3587 Prolusione
337 3537 370 3586 de
396 3535 573 3602 religionibus
594 3535 695 3587 exteris
744 3537 828 3584 rarat.
854 3532 893 3582 Ae
907 3531 1047 3582 declarant
1060 3531 1111 3584 boc
1120 3533 1181 3597 ipsa
1194 3531 1287 3582 Nostri

157 3607 230 3669 apud
260 3605 449 3657 Athenienses.
493 3603 694 3670 Gryphiawald.
744 3601 843 3664 verba,
863 3617 932 3667 quae
954 3601 1027 3652 iufra
1045 3601 1285 3668 legunturV,6ll:
1342 3631 1344 3633 -

159 3675 232 3730 1857.
257 3691 319 3742 pag.
345 3675 396 3739 to).
429 3675 513 3725 Caras
535 3683 626 3724 autem
648 3688 696 3738 per
744 3663 796 3752 3⁶⁹
822 3663 981 3750 Ἀθηναίων
1005 3667 1111 3748 δῆμον,
1144 3668 1285 3731 πρότερον

157 3745 297 3796 Graeciam
316 3745 386 3796 male
400 3745 550 3795 audiebant
567 3744 696 3793 infames·
745 3735 929 3804 απωσμένον,
949 3754 1011 3790 τοτε
1025 3755 1117 3790 ποντα
1131 3734 1203 3802 πρὸς
1221 3732 1284 3804 τὴν

156 3829 207 3879 que
225 3815 409 3866 habebantur:
434 3813 532 3879 quippe
553 3814 599 3878 qui
614 3811 694 3878 primi
744 3802 880 3860 ἒωυτού
907 3811 1012 3874 μοῖραν
1041 3810 1122 3876 (quae
1145 3825 1215 3888 qaue
1242 3813 1284 3884 est

156 3884 277 3936 mercede
296 3885 423 3935 conducti
441 3883 595 3934 militabant
616 3885 645 3932 et
661 3897 693 3931 es
743 3870 1128 3945 iraapia)rrpeoedq'auro,et:
1139 3894 1175 3944 ην
1186 3891 1222 3938 τε,
1233 3891 1284 3953 τον

156 3955 253 4018 quilius
266 3955 348 4006 ctiam
360 3953 436 4004 multi
448 3955 476 4003 in
491 3953 634 4003 Graeciam
646 3968 693 4000 ve·
743 3947 837 4013 δῆμον
855 3946 1066 4012 προσθέμενος,
1089 3944 1184 4012 πολλῷ
1200 3959 1284 3993 κατυ-

155 4025 266 4075 niebrmt
276 4025 357 4074 servi.
378 4023 455 4074 Cous.
466 4025 536 4072 nott.
546 4021 580 4071 sd
591 4023 623 4081 V,
633 4022 659 4071 ll
670 4021 691 4070 l.
744 4017 833 4080 περθε
847 4015 902 4067 τῶν
916 4009 1167 4068 ἀντιστασιωτέων.

154 4094 243 4156 Quare
255 4093 356 4144 Soldau
365 4089 689 4158 (statuissemus
782 4080 974 4150 τετραφύλους
999 4078 1097 4144 ἐόντας
1115 4077 1285 4148 Ἀθηναίους

156 4162 313 4227 1¹.08)esm
327 4163 454 4227 proponit
467 4161 643 4220 seutentiam,
661 4163 692 4210 ut
742 4150 920 4220 δεκαφύλους
934 4148 1061 4221 ἐποίησε]
1077 4155 1155 4206 Coui.
1168 4153 1240 4203 inira
1249 4153 1283 4218 V,

154 4233 283 4298 langorae
300 4237 421 4297 gentem,
442 4246 514 4297 quse
531 4231 622 4281 lovem
643 4229 694 4279 Ca·
743 4229 777 4278 ott
794 4232 836 4290 et,
857 4228 902 4293 qui
926 4227 997 4277 huno
1016 4226 1104 4276 locum
1124 4224 1282 4290 respiciunt,

154 4303 223 4352 rium
237 4302 353 4368 privatis
366 4303 452 4354 sacris
464 4299 592 4362 coluerit,
605 4299 694 4364 repeti
743 4301 862 4350 Psusau.
881 4299 908 4358 1,
929 4300 953 4346 5.
975 4299 999 4358 §-
1020 4296 1043 4347 l.
1062 4293 1151 4346 Sobel.
1169 4295 1282 4350 Aristid.

154 4371 220 4423 velit
236 4387 269 4422 ex
288 4372 384 4435 Ionia,
407 4372 484 4423 euius
501 4369 609 4421 incolae
631 4384 694 4426 curu
744 4383 807 4434 pag.
819 4365 920 4418 110ed.
932 4365 1075 4418 Frommel.
1101 4367 1143 4417 De
1157 4371 1283 4432 quattuor
