3062 4986
433 324 699 387 HERODOTI
721 323 993 387 POLYMNIA.
1016 325 1136 391 v11.1.
1289 329 1346 389 431

219 507 271 582 δις
285 499 445 590 ἐσβολὴν,
467 502 523 569 καὶ
544 499 586 589 δὴ
608 502 663 570 καὶ
684 499 757 570 τότε
778 505 892 595 πολλῷ
906 529 942 570 τε
957 500 1128 590 δεινότερα
1143 504 1269 588 ἐποίεε,
1295 504 1352 572 uui

218 595 345 694 μᾶλλον
370 601 502 692 ὥρμητο
528 603 771 692 στρατεύεσθαι
792 607 847 674 ἐπὶ
869 603 930 694 τὴν
954 601 1108 674 Ἐλλάδα.
1145 607 1212 674 Καὶ
1231 602 1351 676 αὐτίκα

217 710 280 798 μέν
307 711 529 797 ἐπηγγέλλετο
556 711 698 796 πέμπων
725 705 887 795 ἀγγέλους
915 707 999 778 κατὰ
1025 708 1136 794 πόλις,
1168 709 1352 798 ἑτοιμάζειν

216 810 392 901 στρατιὴν,
414 815 527 903 πολλῷ
547 814 636 881 πλέω
660 813 847 882 ἐπιτάσσων
863 811 1026 882 ἑκάστοισι
1047 807 1068 902 ἢ
1086 811 1249 902 πρότερον
1264 840 1349 904 παρ-

218 932 322 1004 εῖχον,
351 917 408 984 καὶ
432 918 510 995 νέας
531 916 643 984 τεκαὶ
664 920 787 996 ἵππους
808 917 864 983 καὶ
887 932 980 986 σῖτον
1008 919 1063 986 καὶ
1081 925 1192 986 πλοῖα.
1221 918 1350 988 τούτων

165 1021 261 1089 budrii
277 1019 611 1108 περιαγγελλομένων
624 1015 645 1107 ἡ
661 1016 753 1108 Ἀσίη
769 1022 920 1089 ἐδονέετο
934 1022 989 1089 ἐπὶ
1002 1027 1078 1108 τρία
1093 1027 1184 1107 έτεοι,
1208 1030 1349 1090 καταλε-

216 1127 369 1212 γομένων
391 1150 427 1192 τε
448 1127 517 1191 τοῖν
535 1118 700 1212 ἀρίστοιν,
727 1118 772 1204 ὥς
793 1124 846 1191 ἐπὶ
863 1121 925 1212 τὴν
947 1119 1087 1193 Ἑλλάδα
1107 1127 1348 1214 στρατευσομέ-

215 1255 286 1296 νιιν
303 1229 359 1297 καὶ
374 1228 728 1314 παρασκευαζομένων.
774 1224 926 1319 Τετάρτςο
947 1227 985 1295 δὲ
1005 1233 1074 1296 irat·
1086 1228 1265 1314 Αἰγύπτιοι
1284 1225 1351 1298 ὑπὸ

215 1329 406 1420 Καμβύσεω
432 1333 662 1410 δουλωθέντες
687 1327 877 1419 ἀπέστησαν
902 1327 967 1399 ἀπὸ
986 1332 1163 1421 Περσέων·
1200 1335 1349 1401 ἐνθαῦτα

213 1537 411 1603 Artaphernem
428 1539 456 1586 et
469 1535 598 1602 Hippiam
616 1533 662 1586 ille
673 1550 757 1600 agno·
808 1549 896 1597 πονς,
911 1539 975 1602 epte
987 1537 1093 1587 monuit
1102 1535 1229 1588 Kuehner
1243 1536 1288 1587 Gr.
1301 1535 1348 1588 Gr.

214 1621 291 1659 acere
309 1607 361 1657 eibi
380 1606 505 1670 videtur,
529 1605 673 1657 dubitante
693 1606 758 1656 Ger·
808 1609 833 1669 §-
851 1607 911 1656 727.
929 1611 987 1657 not.
1006 1605 1037 1664 3,
1058 1607 1106 1672 qui
1123 1607 1223 1656 ibidem
1242 1621 1349 1671 quoque

214 1677 290 1727 lmrd.
306 1693 330 1742 p.
346 1676 411 1738 118,
432 1677 479 1741 qui
498 1677 595 1727 merito
610 1675 655 1726 vel
670 1676 757 1740 magis
807 1676 916 1727 coueuli
933 1679 1035 1742 poterit
1054 1679 1087 1727 ob
1102 1692 1179 1728 usum
1200 1675 1349 1741 particula-

215 1748 324 1797 dubitet
336 1745 369 1796 de
382 1745 602 1797 Forchhammeri
619 1744 757 1795 sententia
808 1761 867 1796 rum
880 1741 928 1794 ιιαλ
947 1741 983 1811 δὴ
997 1742 1044 1796 nul
1064 1748 1092 1796 iu
1105 1747 1225 1810 proxime
1240 1751 1349 1796 eutece-

216 1817 296 1878 (ibid.
315 1832 356 1866 nr.
377 1815 435 1866 107.
451 1831 514 1880 pag.
534 1815 583 1866 108
600 1820 628 1865 et
641 1813 756 1864 Jahrbb.
808 1816 945 1878 dentibus,
963 1816 1078 1867 afferens
1091 1816 1194 1876 similes
1205 1815 1349 1868 Noutrilo·

215 1885 342 1937 f.Philol.
354 1885 509 1950 u.Paedag.
519 1885 657 1935 LXXVII.
669 1899 694 1949 p.
706 1883 757 1934 138
808 1901 854 1935 coe
868 1886 917 1950 VI,
933 1885 991 1937 137.
1016 1887 1049 1936 In
1063 1886 1186 1950 proxime
1197 1901 1272 1952 eeqq.
1286 1901 1348 1936 cum

213 1955 301 2022 seqq.)
321 1969 431 2006 scenam
445 1955 472 2004 in
492 1955 586 2005 inieris
600 1969 757 2018 repraeeeu·
807 1949 1083 2006 Gaiefordioecv'trov
1099 1955 1208 2006 exhibui
1223 1955 1272 2021 pio
1283 1970 1349 2004 του-

213 2027 268 2076 tari
290 2026 429 2091 putantis,
454 2027 483 2074 in
505 2039 560 2088 qua
580 2025 680 2074 Darius
702 2038 757 2073 una
806 2021 885 2074 τέων.

213 2111 274 2146 cum
285 2095 433 2145 inferorum
443 2093 579 2145 iudicibus
589 2097 754 2159 compareat.
846 2087 864 2158 ἡ
883 2088 957 2156 Ἀσέη
973 2083 1101 2142 ἐδονέετο
1122 2085 1167 2141 ἐπὶ
1188 2093 1252 2155 τρία
1272 2085 1345 2156 ἔτεα]

212 2167 283 2216 11ιιιι
294 2166 378 2229 igitur
390 2165 423 2214 de
436 2164 652 2228 singultuque
664 2163 692 2212 in
704 2163 755 2212 hac
806 2165 874 2214 Ροει
896 2155 1023 2212 ἐδονέετο
1049 2165 1077 2212 in
1096 2162 1194 2212 Aldina
1218 2163 1348 2212 inseritur

214 2236 330 2300 imagine
352 2235 531 2294 exhibentur,
552 2236 668 2294 etatuie,
691 2247 757 2292 con-‚
807 2230 898 2292 noiour
915 2232 988 2283 haud
1004 2233 1086 2292 male,
1106 2231 1185 2281 modo
1203 2231 1300 2297 reliqui
1316 2231 1348 2280 li-

212 2311 325 2356 rentum
340 2303 476 2369 quendam
488 2304 569 2353 Darii
581 2318 641 2352 eum
656 2303 754 2353 Perae·
806 2302 861 2364 bri,
881 2305 909 2352 iu
923 2303 1021 2367 quibus
1035 2301 1160 2352 omnibus
1176 2301 1268 2363 deest,
1289 2302 1347 2352 euf-

212 2391 269 2426 rum
296 2374 455 2440 proceribus
480 2377 507 2424 et
532 2371 755 2423 deliberationem
805 2372 988 2438 irrigarentur.
1016 2369 1348 2422 Additumillevoculeiu

211 2445 352 2504 habitam,
377 2459 445 2508 quae
463 2442 499 2492 ad
517 2443 661 2493 Graeciam
679 2443 756 2493 iuva·
805 2440 1348 2506 lociasimilibueeWeeeeliugioexcite·

210 2515 326 2565 dendem
353 2515 504 2578 pertineat,
532 2512 578 2562 hic
599 2526 756 2578 reprueren·
806 2513 842 2562 tia
858 2513 977 2577 Appiani
990 2513 1021 2561 B.
1034 2510 1064 2562 G.
1079 2510 1125 2571 IV,
1138 2511 1182 2573 52,
1196 2511 1346 2560 Herodiaui

212 2584 281 2648 teri,
295 2583 368 2632 houd
379 2583 489 2632 dubium
500 2582 699 2645 mibividetur‚
710 2597 755 2631 ne·
804 2582 873 2646 vll,
891 2584 917 2632 5.
935 2584 960 2644 ξ.
979 2581 995 2632 8
1014 2580 1074 2631 coll.
1090 2579 1201 2645 Gregor.
1217 2580 1284 2630 Nez.
1298 2580 1344 2630 Or.

212 2669 263 2719 que
286 2654 406 2703 animum
427 2653 555 2703 inducere
575 2667 700 2717 possum,
723 2655 754 2700 ut
805 2652 934 2705 XXVIII.
951 2667 1015 2716 pag.
1028 2648 1120 2700 4831).
1139 2650 1240 2714 Ageth.
1253 2649 1343 2699 Schol.

212 2738 321 2774 scenam
342 2721 479 2787 quendum
500 2738 532 2772 ex
550 2721 678 2787 Aeschyli
691 2721 755 2770 Per·
804 2721 843 2774 ΙΙ.
857 2738 884 2786 p.
898 2721 946 2774 30:
971 2719 1114 2784 inquibus
1138 2719 1208 2770 idem
1228 2721 1346 2770 occurrit

211 2794 249 2843 eis
274 2793 459 2858 depromptam
485 2791 531 2842 hic
554 2791 676 2842 exhiberi
699 2805 758 2855 cre-y
804 2792 916 2842 verbum
930 2787 1080 2839 δινεῖσθαι
1096 2788 1130 2839 de
1144 2790 1243 2854 populo
1256 2789 1289 2838 ad
1304 2803 1346 2838 ee·

211 2865 287 2928 dum,
304 2862 346 2912 uti
363 2863 507 2928 proposuit
520 2861 668 2912 Minerviui
684 2860 754 2910 libro
804 2861 935 2911 ditionem
953 2860 1074 2912 excitato
1094 2859 1152 2909 eive
1171 2859 1275 2910 bellicis
1289 2863 1346 2908 tur·

210 2931 439 2997 supralaudato,
468 2931 545 2982 1858.
565 2946 605 2980 nr.
628 2931 676 2982 135
698 2929 753 2994 (ll.
804 2930 847 2981 bis
860 2933 978 2998 agitato.
994 2930 1063 2982 Add.
1075 2929 1180 2980 Iacobo.
1193 2927 1343 2982 adAeliau.

211 3017 275 3052 nun.
289 2999 351 3066 Vl.)
368 3015 430 3066 peg.
444 3000 477 3051 83
493 3015 567 3065 seqq.
804 3003 837 3052 N.
851 3003 882 3051 h.
898 3002 961 3066 XV,
981 3001 1012 3050 21
1032 3005 1060 3050 et
1079 2997 1151 3050 conf.
1167 2999 1343 3065 Arietoplran.

245 3065 293 3120 ιιοιὶ
307 3065 372 3126 νέας
384 3085 412 3118 τε
429 3065 476 3117 καὶ
491 3066 598 3126 ἵππους
613 3065 660 3118 καὶ
673 3070 753 3116 σῖτον
803 3072 854 3124 Ar.
872 3071 946 3122 1182.
975 3071 1102 3120 Activum
1119 3065 1218 3118 δονεῖν
1234 3069 1346 3136 (opilare

210 3136 258 3190 ιιιιλ
270 3137 366 3204 πλοῖα]
387 3139 560 3188 Florentinue
573 3155 634 3189 eum
648 3138 753 3189 duobus
803 3140 858 3204 lec)
878 3141 1031 3190 invenimus
1050 3153 1131 3200 supra
1145 3139 1200 3202 lv,
1213 3142 1238 3192 2.
1267 3141 1344 3202 Quae

210 3211 273 3261 nliia
286 3209 365 3260 codd.
374 3209 485 3259 exhibet
497 3203 544 3256 καὶ
556 3210 634 3257 σῖτον
647 3204 694 3256 nul
707 3204 752 3256 ΐπ-
803 3211 903 3260 Noster
916 3209 942 3262 h.
956 3209 975 3260 1,
989 3209 1058 3259 dicit
1071 3203 1213 3271 έτεοιτρίυ,
1228 3210 1344 3260 Tzetzee

210 3295 299 3343 πονς,
313 3278 421 3328 omissis
434 3271 752 3342 proreurvocabuliartoci
803 3278 874 3331 (ihil.
893 3279 919 3342 1,
938 3277 990 3330 870
1007 3293 1055 3342 pro
1071 3293 1137 3327 auae
1154 3278 1255 3328 aetatis
1270 3294 1344 3330 more

210 3349 311 3412 πλοῖα,
331 3363 400 3413 quae
419 3345 512 3397 eedem
531 3361 548 3395 a
561 3347 684 3398 Mediceo
705 3347 752 3396 ab·
802 3348 873 3398 dixit
884 3350 958 3411 τρείς
970 3335 1055 3404 ὅλους
1068 3341 1203 3411 χρόνους,
1217 3363 1265 3412 per
1275 3364 1344 3414 quoa

210 3425 282 3471 eunt.
324 3417 392 3468 Inde
422 3418 559 3467 eiecerunt
590 3415 639 3466 hue
671 3431 752 3466 vocer
806 3417 1345 3482 Aeiaturbataeitcopiieundiquecou·

209 3489 319 3541 Bekker
338 3493 366 3538 et
383 3487 525 3545 Diodori.;
542 3487 621 3536 uncie
641 3485 753 3536 inclusit
803 3487 901 3538 ductie.
914 3514 949 3523 —
967 3488 1044 3549 Quae
1059 3486 1189 3537 continuo
1203 3489 1275 3552 apud
1289 3489 1345 3538 He-

209 3555 334 3609 Dietech.
373 3557 506 3622 Equidem
523 3553 661 3620 vulgatam
680 3556 752 3606 intu—
802 3557 927 3608 rodotum
945 3561 1094 3622 sequuntur
1110 3557 1206 3618 verba,
1232 3572 1264 3608 ee
1283 3573 1342 3608 cum

210 3635 284 3678 ctam
299 3626 452 3692 relinquere
472 3626 570 3688 malui,
591 3628 615 3676 ei
635 3625 751 3691 quidem,
803 3626 971 3691 Schweigh,
990 3627 1078 3678 (laist.
1100 3631 1127 3677 el
1144 3631 1258 3678 receutt.
1281 3627 1340 3678 edd.

212 3700 281 3748 bene
295 3697 458 3748 obremuute
470 3696 602 3746 Velcheu.
618 3697 653 3746 ed
667 3696 753 3745 Hero·
804 3698 845 3748 itu
856 3697 1060 3759 constituimus,
1069 3700 1104 3746 ut
1116 3697 1259 3759 maiorem,
1274 3713 1343 3762 quac

211 3768 269 3817 dot.
282 3767 330 3826 vl,
344 3768 392 3828 48,
415 3766 583 3831 distinguere
597 3767 662 3816 licet
680 3767 752 3816 iuter
803 3772 866 3818 ante
879 3761 1107 3832 καταλεγομένων
1124 3772 1282 3832 poneretur,
1304 3767 1344 3816 ‹li-

211 3835 286 3899 νέοις,
299 3837 317 3887 i.
329 3852 351 3903 ⁹:
364 3853 441 3887 naues
453 3839 541 3900 leupus
549 3851 641 3900 eaeque
651 3836 753 3886 bellicae
803 3837 977 3888 etinctionem
990 3843 1208 3887 converteremus
1221 3839 1248 3886 in
1259 3839 1344 3886 mino-

210 3923 233 3956 ι.
249 3909 363 3956 triremes
381 3905 428 3971 (ci.
444 3911 512 3956 nott.
533 3905 567 3954 ed
585 3905 644 3966 111,
663 3905 707 3968 13)
725 3909 752 3954 et
803 3922 872 3970 rem,
892 3907 1015 3972 proximi
1030 3906 1127 3958 voculrt
1144 3901 1176 3956 di
1197 3909 1299 3956 mutelli
1314 3909 1342 3956 in

212 3976 307 4036 πλοῖα,
320 3976 339 4024 1.
353 3992 377 4028 e.
392 3976 493 4041 novipia
506 3977 542 4024 ad
550 3976 638 4025 militer
648 3989 754 4040 equorve
803 3991 846 4040 τε,
862 3977 992 4026 maiorem
1003 3991 1068 4027 vero
1080 3975 1281 4027 distinctionem
1296 3992 1343 4039 po-

210 4045 334 4096 uelendoe
351 4053 559 4110 commeatumque
574 4051 753 4109 tramrportmr·
803 4062 926 4098 neremue
953 4051 1015 4112 poet
1042 4041 1340 4109 παρασκευαζομένων,

211 4118 268 4166 dam
277 4125 301 4166 et
310 4115 419 4166 bellicum
429 4123 579 4180 apparatum
590 4114 754 4178 ομιιι,πλοι”α
803 4117 850 4167 ubi
859 4116 941 4182 vulgo
952 4118 1041 4166 minor
1050 4115 1187 4167 exstabat.
1211 4115 1274 4166 Vid.
1286 4115 1341 4164 lle-

213 4177 367 4249 λπποιγωνὰ
378 4180 426 4233 κοιλ
440 4177 644 4250 φορτηγητιιιᾶ.
675 4186 754 4236 11ἐε-
803 4187 870 4237 ιοΙδ.
880 4185 1013 4238 Emendd.
1023 4183 1140 4236 Herodd.
1152 4187 1182 4236 P.
1192 4185 1215 4234 1.
1225 4199 1286 4248 pag.
1302 4185 1341 4234 13.

212 4253 344 4318 selingiue
365 4255 534 4306 excitaverat
560 4255 668 4309 Arrien,
692 4254 752 4304 Iud.
840 4246 969 4322 Tettiprrp
991 4249 1023 4305 δέ
1038 4248 1094 4305 iret·
1111 4245 1258 4320 Αἰγύπτιοι
1279 4269 1304 4306 κ.
1317 4269 1341 4306 τ.

215 4324 256 4376 19.
276 4327 301 4387 §.
321 4326 346 4378 7.
382 4325 424 4374 De
444 4339 495 4376 ueu
512 4324 708 4389 particularum
724 4338 752 4372 τε
803 4324 840 4391 λ.]
859 4325 1166 4376 lucidithoeinaunum
1178 4323 1265 4375 486³.
1277 4323 1342 4379 cur.

211 4390 275 4459 καὶ,
297 4393 396 4460 quibua
412 4395 562 4462 iunguntur
578 4392 644 4454 νέοις
663 4398 691 4445 et
706 4391 751 4444 έπ-
802 4411 831 4448 ιι.
854 4395 916 4449 Vid.
930 4395 1057 4448 Lercher.
1073 4393 1341 4462 Tom.v11.p.642,
