2986 5014
285 347 550 415 EXCURSUS
573 348 622 412 111
644 349 709 412 Au
734 343 986 410 nuaouor.
1008 343 1064 420 VI,
1092 353 1135 407 tt.
1212 339 1274 403 809

511 791 831 870 EXOURSUS
859 793 918 867 ΙΙΙ

406 963 482 1029 ao
516 963 828 1028 nnnooou.
861 963 928 1045 vr,
959 965 1016 1026 ιν.

615 1137 810 1148 -ιι-ι-ιι-ο--ι

198 1261 241 1319 De
256 1263 362 1318 ratione
381 1261 472 1316 tributi
487 1258 585 1316 Ionum
600 1261 750 1318 civitatibus
768 1262 802 1316 ab
817 1229 995 1332 A'rorpneme
1008 1257 1125 1332 impositi
1140 1272 1174 1312 oc
1191 1257 1225 1312 de

502 1362 575 1418 poce
587 1362 659 1419 quare
671 1346 766 1418 [artur
783 1347 913 1404 Cimonis.

232 1515 428 1586 Artaphernes,
440 1514 565 1567 Sardium
577 1518 733 1586 praefectus
745 1536 768 1569 s.
782 1524 902 1586 satrapa,
916 1521 1025 1586 praeter
1037 1513 1098 1578 alia,
1114 1529 1185 1582 quae
1198 1511 1280 1563 iones

148 1602 239 1653 faeere
262 1601 346 1667 cogit,
363 1617 457 1652 eorurn
476 1609 566 1651 terras
583 1618 693 1672 quoque
713 1603 863 1654 seeundum
884 1616 1054 1671 parasangas
1071 1604 1154 1668 (quae
1170 1596 1282 1650 Persica
1349 1657 1354 1672 ⁸

151 1690 195 1737 est
210 1700 338 1736 mensura
350 1684 465 1752 triginta
476 1684 624 1738 stadiorum
634 1684 662 1752 *)
678 1704 804 1740 emensus
820 1705 882 1740 esse
895 1687 1011 1752 dicitur3
1028 1677 1099 1738 κατά
1115 1677 1152 1752 δὴ
1166 1676 1282 1742 τούτους

152 1769 223 1838 (scii.
240 1763 443 1836 παρασάγγας),
460 1769 552 1836 pergit
568 1769 724 1823 Herodotus
740 1771 758 1823 Ι.
775 1771 1001 1842 supralaudato,
1021 1762 1156 1839 μετρήσας
1176 1762 1282 1838 φόρους

149 1851 226 1919 ἔταξε
241 1847 393 1922 ἑκάστοισι,
409 1851 436 1908 οἳ
453 1847 523 1906 κατά
537 1847 628 1922 χώρην
643 1853 810 1910 διατελέουσι
830 1853 938 1925 ἔχοντες
951 1849 981 1910 ἔτι
999 1849 1100 1908 τούτου
1114 1855 1164 1908 τοῦ
1179 1846 1281 1922 χρόνον

151 1937 206 1994 ulai
222 1935 259 1992 Ιτι
275 1936 323 1990 sai
337 1933 364 2000 ἐς
381 1934 441 2009 ἐμὲ,
462 1932 499 2000 ὡς
516 1932 674 2008 ἐτάχθησαν
688 1934 716 2004 ἐξ
733 1935 938 2010 Ἀρταφέρνεος·
963 1933 1121 2008 ἐτάχθησαν
1136 1935 1166 1992 δὲ
1186 1931 1285 2006 σχεδὸν

152 2019 222 2078 κατά
239 2019 273 2077 τά
288 2022 336 2076 καὶ
350 2018 485 2092 πρότερον
496 2019 581 2092 εἶχον,
597 2024 616 2075 i.
628 2043 651 2076 e.
664 2029 806 2080 seeundum
823 2029 871 2080 Ιιιιτ
881 2027 965 2096 igitur
976 2024 1174 2094 (parasangas)
1190 2026 1285 2076 ionum

123 2097 126 2104 ¹
151 2120 238 2166 terras
262 2111 393 2164 dimensus
415 2109 549 2163 constituit
563 2111 662 2163 tributu
684 2112 797 2180 singuiis
816 2109 992 2182 (solvenda),
1019 2128 1087 2177 quoe
1106 2127 1153 2162 auo
1173 2105 1285 2176 ioco**)

151 2205 261 2249 monent
282 2197 314 2247 ab
333 2197 378 2248 itio
393 2196 455 2248 inde
475 2204 592 2264 tempore
606 2215 708 2266 semper
727 2201 819 2250 endem
833 2213 915 2264 αιηιιο
930 2198 965 2248 od
978 2214 1063 2248 meam
1079 2197 1147 2248 odeo
1163 2203 1286 2258 aetatem,

150 2283 242 2352 prouti
260 2281 291 2332 ob
309 2283 477 2351 Artapherne
501 2282 644 2334 constituto
666 2290 743 2346 eant3
770 2283 913 2335 constituta
941 2289 1027 2334 nutem
1055 2289 1133 2334 nont
1146 2285 1236 2349 serrae
1251 2281 1287 2332 od

151 2369 263 2420 eoadem
282 2367 411 2420 rationem
428 2375 507 2433 atque
520 2365 593 2434 priua
608 2368 685 2420 etiam
700 2385 754 2420 sere
768 2369 908 2422 habebant.

119 2511 123 2518 Ι
237 2450 394 2516 Tributurn‚
407 2449 481 2521 quod
492 2450 518 2501 h.
529 2448 547 2500 Ι.
558 2449 713 2520 impositum
723 2451 766 2503 rel
779 2451 872 2522 potius
884 2451 1060 2504 distributum
1073 2450 1107 2502 ab
1115 2449 1287 2518 Artapherne

151 2537 262 2602 dicitur,
278 2535 332 2588 tale
347 2536 435 2588 iuuisse
448 2535 599 2588 arbitratur
611 2534 851 2604 Heerenius***)‚
868 2536 947 2607 quale
962 2535 1000 2603 id,
1016 2535 1089 2605 quod
1102 2552 1176 2586 nune
1188 2539 1289 2586 vocant

153 2625 333 2692 aaronem,
352 2619 425 2690 quod
440 2619 547 2672 scilicet
563 2637 617 2672 non
631 2622 763 2690 pecuniae
778 2621 881 2674 surmont
896 2619 970 2674 certi
987 2621 1175 2686 contineatur,
1190 2619 1240 2672 sed
1255 2637 1289 2670 ex

151 2717 243 2762 terrae
266 2713 402 2775 proventu
428 2711 511 2774 atque
535 2704 692 2758 huiuamodi
722 2707 857 2759 reditibus
884 2706 1023 2759 solvatur:
1048 2703 1128 2774 quale
1155 2705 1288 2756 tributum

153 2795 250 2862 utique
263 2789 380 2857 intelligi
394 2797 522 2860 putamus
539 2789 591 2842 alio
607 2791 742 2843 Herodoti
757 2791 872 2858 loeo†)‚
894 2791 922 2844 in
938 2807 992 2860 quo
1014 2791 1048 2842 de
1064 2789 1178 2842 Thasiis
1199 2807 1288 2842 sermo

153 2879 185 2932 fit
196 2871 272 2931 dodoi
283 2877 398 2944 καρπῶν
407 2867 523 2956 deditos,
538 2875 557 2926 i.
568 2895 593 2930 e.
605 2876 770 2929 immunibus
782 2877 947 2930 tributorum
960 2893 1062 2944 eorum,
1079 2891 1149 2946 quaa
1161 2891 1289 2944 agrorum

154 2969 290 3032 proventu
319 2979 342 3016 a.
370 2961 499 3028 frugibus
526 2959 682 3014 solvuntur.
726 2962 833 3016 Nostro
858 2968 946 3015 tamen
971 2961 1030 3014 ioco
1054 2961 1089 3014 da
1112 2957 1160 3011 tuli
1183 2960 1289 3013 tributo

155 3045 272 3114 eogitari
288 3045 359 3096 haurd
374 3045 490 3114 poterit:
508 3063 598 3116 neque
613 3047 722 3100 ornnino
739 3047 782 3100 bie
805 3049 898 3116 agitur
912 3048 947 3100 da
965 3065 1036 3100 novo
1052 3044 1169 3117 quodam
1184 3045 1290 3098 tributo

155 3131 189 3184 ab
209 3129 381 3199 Artapherne
404 3129 547 3198 imposito,
569 3131 619 3184 sed
642 3132 736 3200 potius
762 3133 795 3186 de
816 3151 849 3186 eo
871 3134 992 3201 tributo,
1021 3131 1096 3202 quod
1117 3131 1220 3184 Darius
1242 3147 1290 3184 rex

155 3215 271 3268 Ionibus
293 3215 462 3284 imposuerat
475 3213 546 3282 (vid.
565 3217 698 3270 Herodot.
717 3217 769 3284 ΠΙ,
784 3221 819 3273 oo
834 3219 937 3288 seqq.),
953 3218 1026 3270 inter
1046 3215 1173 3284 singulos
1188 3215 1291 3269 iustius

155 3298 361 3368 dispertiendo:
383 3298 482 3350 etenim
498 3299 531 3350 ad
550 3300 577 3352 id
602 3301 690 3368 ipsurn
712 3321 815 3356 omnem
832 3302 1013 3372 Artaphernia
1025 3317 1135 3371 operam
1149 3307 1292 3372 spectasse

156 3385 302 3452 credimus,
322 3382 369 3454 ηιιί
387 3383 477 3453 ipsura
493 3383 636 3452 tributum,
653 3387 733 3455 quale
750 3388 861 3440 aDario
879 3388 1036 3440 institutum
1054 3391 1128 3452 erit,
1150 3386 1292 3456 haudqua-

157 3488 237 3542 quarn
261 3468 392 3534 mutavit,
417 3468 460 3520 rel
481 3470 608 3536 augendo
627 3471 670 3524 vel
691 3473 867 3525 diminuendo
889 3473 932 3540 (id
954 3472 1026 3541 quod
1043 3471 1179 3524 Herodoti
1199 3471 1293 3524 verbis

158 3574 244 3625 supra
258 3554 348 3606 allatis
365 3553 500 3607 declarari
517 3561 621 3622 putem:
642 3549 800 3627 ἐτάχθησαν
815 3553 846 3612 di
865 3553 906 3628 [oi
918 3551 1013 3626 φόροι]
1035 3550 1156 3610 κατὰτὰ
1175 3549 1294 3610 αὐτὰτὰ

159 3634 475 3720 aoinpdrsoouaixov)=
491 3639 677 3712 sedandum,
700 3660 754 3713 quo
777 3643 909 3696 tributum
930 3642 998 3696 iilud
1018 3642 1224 3713 perciperetur,
1249 3657 1293 3692 ac-

157 3727 281 3778 curatius
297 3725 447 3777 secundun
465 3724 503 3793 id,
521 3725 595 3795 qrrod
606 3743 763 3796 aequumne
775 3729 880 3782 iustum
895 3735 947 3798 est,
962 3727 1108 3780 constituit
1121 3726 1160 3778 ita
1175 3725 1293 3795 quidem,
1389 3793 1391 3798 Ι

158 3817 196 3878 ut,
215 3809 289 3879 quod
303 3810 331 3862 in
348 3810 507 3862 universum
522 3817 598 3864 asset
614 3815 817 3882 praestandum,
831 3815 860 3866 id
872 3814 945 3866 inter
959 3811 1132 3880 singulorum
1147 3809 1296 3864 fundorum

157 3913 337 3964 possessores
352 3895 566 3963 profundorum
583 3896 704 3965 ipsorum
719 3901 820 3952 ambitu
836 3899 1052 3952 distribueretur
1068 3903 1151 3967 atque
1167 3895 1205 3961 id,
1221 3895 1295 3964 quod

158 3979 258 4049 cuique
275 3979 340 4032 inde
364 3985 439 4032 esset
455 3979 626 4052 solvendum,
642 3991 746 4038 certum
757 3985 896 4054 fixumque
907 3988 1031 4036 maneret
1042 3983 1070 4034 in
1088 3998 1166 4034 onrne
1177 3987 1295 4049 tempus,

228 4212 255 4277 ⁸)
267 4213 322 4264 vid.
336 4219 407 4267 nott.
425 4216 459 4266 ad
472 4215 604 4268 Herodot.
617 4217 656 4281 ΙΙ,
673 4219 699 4270 (i.

227 4283 272 4348 **)
291 4278 363 4334 κατὰ
376 4277 486 4350 χάρηνς
500 4285 557 4336 vid.
570 4288 673 4341 Herod.
688 4288 742 4351 ΙΙΙ,
757 4288 816 4340 135.
832 4287 880 4351 1v,
895 4287 944 4339 135
957 4287 1050 4352 ibique
1059 4289 1128 4336 nott.

227 4353 289 4415 ***)
303 4355 386 4405 Idaau
399 4358 422 4419 1,
436 4357 460 4408 1.
475 4371 537 4422 pag.
553 4357 613 4408 aaa.

228 4423 258 4490 †)
271 4427 319 4490 vl,
334 4425 368 4476 46
379 4425 424 4480 fin.
436 4464 443 4491 ,
455 4427 502 4477 ubi
517 4427 573 4478 vid.
585 4432 654 4478 nott.
670 4441 733 4492 pag.
745 4423 805 4476 283.
