3038 4994
238 367 298 430 256
671 363 937 428 HERODO'PI

237 539 292 610 riui
306 539 368 629 τὴν
390 545 541 622 ἔκλειψιν
554 545 623 610 τόν
643 545 731 611 νεῶν
744 546 812 610 τῶν
832 543 870 611 ἐν
885 546 924 630 τῇ
944 547 1111 631 ναυμαχίῃ
1133 539 1210 612 οὔτε
1224 539 1245 632 ἡ
1265 545 1371 632 πόλις,

236 642 313 713 οὔτε
335 644 375 712 τά
396 643 451 732 ίρά
471 644 673 733 ἐνεπρήσθη.
714 644 871 734 Μιλήτου
891 645 929 714 δὲ
947 641 1092 732 ἁλούσης
1105 643 1225 715 αὐτίκα
1239 657 1372 736 Καρίην

238 755 336 835 ἔσχον
351 753 386 816 οί
396 751 540 835 Πέρσαι·
569 747 626 828 τάς
639 749 700 836 μὲν
720 745 903 836 ἐθελοντὴν
917 753 985 818 τῶν
998 757 1127 817 πολίων
1139 745 1371 837 ὑποκυψάσας,

238 850 295 930 τάς
310 852 346 918 δέ
363 848 491 939 άνάγκῃ
507 851 766 938 προσηγάγοντο.
795 857 899 918 ταῦτα
913 851 975 938 μέν
988 850 1029 939 δὴ
1043 849 1131 921 οὕτω
1146 855 1282 940 ἐγένετο.

190 961 230 1022 26
310 949 449 1046 Ἱστιαίῳ
471 955 508 1022 δὲ
523 959 568 1046 τῷ
585 961 739 1046 Μιλησίῳ
754 954 841 1022 ἐόντι
864 957 941 1041 περί
956 955 1138 1037 Βυζάντιον
1153 959 1207 1024 καί
1221 966 1369 1045 συλλαμ-

237 1056 375 1144 βάνοντι
394 1055 451 1136 τάς
467 1054 589 1126 Ἰάνων
608 1053 752 1136 ὁλκάδας
767 1057 980 1138 ἐκπλωοόσας
996 1061 1032 1125 ἐκ
1046 1064 1106 1127 τοῦ
1121 1059 1255 1128 Πόντου
1273 1063 1368 1146 ἐξαγ-

236 1165 387 1247 γέλλεται
408 1159 447 1228 τά
466 1161 542 1250 περὶ
556 1168 713 1248 Μίλητον
728 1160 908 1248 γενόμενα·
941 1160 981 1228 τὰ
1001 1162 1063 1249 μὲν
1082 1159 1124 1248 δὴ
1140 1164 1216 1250 περὶ
1233 1159 1368 1250 Ἑλλήσ-

235 1289 360 1332 ποντον
382 1269 499 1350 ἔχοντα
520 1263 695 1351 πρήγματα
717 1263 889 1350 ἐπιτράπει
909 1262 1073 1353 Βισάλτῃ,
1102 1261 1369 1352 Ἀπολλοφάνεος

235 1369 330 1434 παιδὶ
347 1363 540 1457 Ἀβυδηνῷ,
565 1363 664 1444 αὐτὸς
685 1365 722 1434 δὲ
736 1372 822 1453 ἔχων
837 1374 1002 1453 Λεσβίους
1023 1371 1056 1446 ἐς
1070 1375 1154 1436 Χίον
1173 1375 1290 1453 ἔπλεε,
1312 1372 1367 1437 καὶ

235 1477 328 1537 Χίων
344 1473 476 1555 φρουρῇ
500 1463 541 1536 οὐ
564 1471 766 1556 προσιεμένῃ
779 1497 837 1556 μιν
851 1473 1016 1557 συνέβαλε
1033 1473 1070 1539 ἐν
1083 1477 1234 1540 Κοίλοισι
1250 1482 1365 1539 καλεο-

234 1574 363 1658 μένοισι
383 1575 441 1658 τῆς
455 1579 537 1657 Χίης
551 1570 667 1658 χαίρῃς.
696 1571 825 1640 τούτων
838 1599 873 1640 τε
888 1571 930 1660 tir}
951 1572 1113 1660 ἐφόνευσε
1127 1572 1287 1659 συχνοὺς,
1310 1575 1367 1642 καὶ

234 1678 302 1740 τοῖν
317 1679 444 1742 λοιπῶν
458 1681 567 1757 Χίων,
591 1670 645 1743 οἷα
666 1672 707 1762 δὴ
723 1679 968 1762 κεκακωμένων
987 1679 1024 1744 ἐκ
1046 1682 1103 1763 τῆς
1122 1685 1323 1764 ναυμαχίης,
1347 1673 1365 1744 ό

231 1771 380 1855 Ἱστιαῖος
390 1781 475 1863 ἔχων
490 1773 566 1856 τοὺς
576 1785 740 1865 Λεσβίους
751 1778 968 1866 ἐπεκράτησε,
984 1781 1021 1848 ἐκ
1030 1786 1196 1866 Πολίχνης
1207 1785 1263 1867 τῆς
1272 1787 1367 1847 Χίων

188 1875 455 1968 λλόρμεοόμευος.
494 1883 608 1950 Φιλέει
623 1884 662 1950 δέ
683 1909 748 1960 κως
762 1889 1022 1970 προσημαίνειν,
1044 1872 1114 1950 εὖτ’
1131 1875 1174 1950 όν
1190 1884 1292 1970 μέλλῃ
1306 1910 1363 1970 με-

233 2061 329 2110 simum
350 2061 442 2110 Persiu
467 2074 577 2124 operam
602 2061 774 2126 praestiterit
824 2067 918 2110 nervat
930 2059 1112 2125 Weseeliug.‚
1129 2060 1246 2110 Troadis
1260 2065 1287 2110 et
1301 2060 1365 2110 Cre-

232 2143 415 2194 summamque
433 2129 495 2180 iude
512 2129 620 2180 laudem
634 2131 771 2183 meruerit.
823 2135 868 2180 tue
880 2131 951 2194 apud
961 2129 1130 2194 Steph.Byz.
1143 2137 1170 2180 et
1183 2128 1309 2194 ΙΙολίχνα
1320 2131 1364 2178 Si-

268 2187 363 2260 οσιεὴ
384 2191 465 2256 πόας
482 2189 546 2248 οὔτε
566 2192 600 2247 τὰ
622 2193 682 2265 ιρὰ]
710 2201 772 2250 vu.
823 2199 1132 2262 cuiminruou.x111‚
1149 2199 1172 2247 ι.
1198 2199 1363 2263 utuguue-

232 2273 301 2317 πολι.
317 2267 351 2316 ad
368 2267 451 2329 VI,9.
478 2269 511 2317 Iu
526 2271 648 2333 proxime
664 2275 772 2320 antece·
822 2269 912 2318 rodoti
930 2269 1017 2320 locum
1031 2269 1184 2318 Alexander
1203 2267 1312 2318 Blautuu
1335 2270 1361 2318 iu

232 2338 360 2387 dentibus
374 2353 425 2401 pro
444 2334 510 2384 τῶν
530 2329 560 2386 ἐν
579 2336 612 2402 τῇ
630 2337 772 2404 ναυμαχίῃ
822 2338 938 2388 historia
961 2336 1068 2388 insulae
1088 2337 1148 2387 Chii
1169 2331 1275 2402 (Χιακά
1298 2329 1361 2400 ἤτοι

232 2406 771 2471 Solrweigheeus.cumReiskiomavult:
823 2399 935 2470 ίστοριά
955 2404 1006 2470 τῆς
1025 2402 1114 2471 νήσου
1134 2405 1208 2454 Χίου
1228 2413 1281 2458 eiu.
1302 2401 1361 2470 Ἑρ·

233 2471 297 2540 τὴν
320 2467 349 2524 ἐν
370 2473 404 2540 τῇ
428 2475 589 2540 ναυμαχίῃ,
627 2477 709 2542 idque
731 2495 772 2527 re·
821 2468 957 2540 μονπόλει
972 2475 1049 2540 1840)
1063 2479 1084 2528 Ι.
1097 2475 1301 2542 pug.30neque
1316 2491 1360 2526 ve·

232 2553 316 2597 currit.
328 2545 389 2596 edd.
402 2546 651 2611 probauiequoque
661 2547 772 2598 Herold.
822 2562 852 2594 ro
877 2545 1023 2610 quidquem
1046 2546 1141 2594 attulit
1172 2545 1206 2594 ad
1229 2562 1262 2596 eu
1287 2546 1358 2604 locu,

232 2617 344 2676 Quaeri.
362 2615 398 2664 11.
412 2631 439 2678 p.
459 2616 490 2665 lii
504 2621 677 2679 receperunt,
694 2615 770 2664 libris
822 2630 891 2679 quue
908 2615 1061 2664 Herodotus
1077 2616 1209 2676 nominet,
1223 2619 1358 2665 accurati·

230 2689 304 2734 certe
317 2684 426 2745 invitis,
445 2699 560 2747 querum
580 2687 771 2734 auctoritatem
821 2684 1066 2734 uecoustitueudu.
1101 2685 1195 2748 Neque
1213 2685 1360 2750 quidquam

231 2751 354 2802 deserere
368 2751 451 2801 uolui.
821 2754 908 2818 reperi
921 2754 1004 2814 iniis,
1018 2769 1088 2818 quae
1100 2755 1133 2802 de
1144 2753 1195 2802 huc
1208 2753 1296 2804 insula
1309 2769 1359 2804 uu·

264 2813 314 2875 τὰς
331 2813 383 2882 μὶν
401 2811 556 2883 ἐθελοντὴν
574 2847 608 2854 -
627 2811 770 2883 προσηηά-
819 2824 983 2888 perscripsit
991 2822 1084 2872 Fustel
1092 2822 1359 2888 deeouungesure'-

229 2885 325 2951 μοντο]
347 2889 388 2938 De
401 2889 454 2938 1οοί
467 2895 605 2938 structure
616 2889 650 2938 cs.
660 2890 768 2940 Iacobs.
819 2895 902 2943 moire
916 2909 961 2942 eur
972 2891 1028 2942 l’ile
1041 2893 1074 2941 de
1085 2892 1167 2942 Chios
1181 2892 1235 2955 iu:)
1248 2893 1355 2942 Archiv.

229 2959 264 3006 ud
279 2959 384 3007 Aeliuu.
399 2957 433 3006 N.
447 2958 478 3007 Α.
499 2958 525 3020 Ι,
539 2959 564 3006 2.
580 2973 604 3021 p.
623 2957 648 3010 6.
676 2961 768 3024 Neque
819 2961 844 3011 d.
859 2964 936 3012 Misr.
956 2961 1100 3025 scientifiq.
1117 2963 1149 3012 V.
1171 2977 1196 3025 p.
1214 2962 1262 3011 481
1281 2977 1355 3026 seqq.

229 3030 299 3076 euim
315 3043 393 3091 opus,
409 3031 439 3076 ut
453 3026 518 3076 milri
532 3026 638 3091 quidem
652 3029 768 3091 videtur,
818 3032 913 3080 additui
927 3032 1025 3096 mappa
1038 3028 1144 3081 insulae
1162 3031 1355 3096 geographici.

228 3091 766 3160 lrispruepouerevoeulemuui.quucum

227 3165 452 3218 antecedentibus
486 3169 702 3226 connectantur,
737 3175 768 3216 ut
1134 3205 1142 3232 r

227 3233 330 3298 placuit
344 3234 525 3287 Valckenario
538 3251 631 3286 vocem
653 3225 767 3284 ἐθελον-
984 3202 1048 3252 ⁰³¹⁵·
1069 3203 1182 3254 xxm·

226 3297 457 3366 τὴνπλΙτοηονΙο
473 3307 541 3356 bene
558 3305 767 3356 restitutumer-
851 3298 1214 3374 Φιλέει-προσημαίνειν]
1238 3307 1355 3357 CuurFi-

227 3389 256 3421 ee
270 3375 410 3426 iudicanti.
434 3376 543 3440 Deque
555 3391 622 3425 voce
637 3375 692 3424 vid.
707 3375 734 3434 1,
749 3379 764 3426 5
815 3373 910 3423 sehero
923 3375 958 3424 ud
973 3374 1081 3424 Weiler.
1101 3374 1159 3436 ΙΙΙ,
1172 3392 1197 3426 ε.
1214 3393 1239 3441 p.
1258 3379 1307 3427 257
1328 3384 1355 3428 ει

227 3447 254 3492 et
267 3443 383 3494 Bredov.
400 3459 424 3507 p.
439 3448 481 3494 27.
522 3446 640 3496 Verbum
657 3437 763 3493 ὑποκό-
814 3443 959 3494 Kueiruero
967 3445 1013 3495 Gr.
1025 3443 1070 3492 Gr.
1086 3447 1109 3506 §.
1123 3445 1207 3507 413‚3
1223 3446 1355 3511 iutellige-

226 3525 307 3559 πτειν
323 3511 362 3576 (se
375 3515 479 3562 ulterius
489 3517 610 3576 potestati
623 3531 644 3563 ε.
662 3517 764 3576 imperio
814 3527 842 3561 re
860 3512 949 3562 malim
965 3505 980 3562 ὁ
997 3505 1081 3576 θεὸς,
1102 3515 1172 3576 quod
1192 3514 1272 3580 paulo
1292 3521 1354 3582 port

225 3581 358 3644 subiicere)
378 3583 515 3633 iuvenitur
532 3597 638 3648 quoque
658 3586 684 3644 Ι,
704 3583 761 3635 130,
814 3581 936 3631 additum
950 3583 1118 3632 invenimur:
1139 3583 1225 3633 ταῦτα
1238 3581 1289 3646 μέν
1302 3598 1353 3646 σφι

226 3651 345 3703 vulou.
373 3651 412 3699 De
423 3653 501 3701 Curia
515 3653 569 3704 vid.
584 3654 615 3716 V,
631 3653 679 3704 103
692 3659 719 3704 et
730 3653 764 3703 de
815 3642 1173 3716 σημὴϊαόθεόςποέὃεξε,
1199 3654 1354 3704 Divinatio-

226 3721 315 3768 Μίίοιο
327 3723 408 3784 cepta
420 3721 466 3783 VI,
481 3722 520 3772 18.
815 3721 857 3769 uis
873 3722 965 3785 opinio
988 3737 1047 3772 cum
1068 3721 1119 3770 fau
1143 3723 1253 3773 notione
1277 3730 1353 3774 arete

814 3791 961 3840 coniuncta
983 3807 1015 3841 ex
1034 3790 1076 3839 his
1094 3791 1161 3842 bene
1177 3793 1353 3857 perspicitur,

401 3889 466 3940 ὒν·
485 3892 584 3944 xxvr.
813 3859 1353 3981 5:1¹:&izuuuuifluuium?

1238 3968 1244 3992 i

260 3987 482 4057 συλλαμβάνοντι
498 3983 662 4068 τόςἸιόνων
679 3985 762 4044 όλκά-
809 3999 869 4048 ‘vini
884 3999 1001 4048 numinis
1014 4001 1041 4048 vi
1056 4002 1139 4063 utque
1153 4001 1299 4050 efficientiu
1313 4001 1353 4050 fu·

223 4061 288 4130 ὃας]
316 4062 761 4134 0f.vr,5.-tq1r0ue,quae
812 4071 884 4116 cium
904 4063 963 4117 es'ee
979 4068 1140 4118 declaretur.
1172 4070 1250 4120 Unde
1264 4069 1352 4134 prodi·

223 4133 362 4194 dicuntur,
374 4133 401 4180 in
414 4131 577 4181 occidentali
586 4131 690 4182 insulae
700 4149 760 4196 pur-
812 4137 916 4199 giorum
938 4140 1076 4187 notionem
1096 4137 1166 4202 apud
1184 4139 1350 4189 Herodotum

223 4207 250 4252 te
263 4203 348 4252 fuisse
364 4201 502 4256 videniur:
525 4216 556 4248 οο
575 4202 761 4252 euimMeluiii
812 4211 921 4254 eurtum
945 4221 1004 4256 εεεε
1032 4211 1106 4256 recte
1130 4209 1229 4258 statuit
1256 4209 1351 4271 laeger

221 4269 297 4320 locus
310 4271 385 4320 ducit
405 4287 422 4319 ε
434 4269 570 4319 Lurcirero
584 4269 683 4320 allatus
698 4287 759 4336 pag.
810 4274 933 4338 Disputi.
948 4275 1068 4325 Herodd.
1081 4291 1105 4340 p.
1120 4279 1163 4326 47.
1192 4277 1227 4325 Ei
1237 4277 1271 4326 ef.
1285 4293 1351 4340 quo-

221 4338 281 4390 487.
324 4341 380 4389 Nee
398 4341 485 4403 magis
508 4344 617 4388 constat
641 4339 674 4390 de
699 4341 759 4392 Ιοοο
810 4343 1073 4408 queNaegelsbucir:
1099 4345 1248 4396 Nueirhom.
1263 4347 1350 4396 Theo·

222 4403 374 4471 Πολίχνης.
404 4409 472 4458 Tale
491 4405 643 4473 Πολίχναι,
664 4415 695 4459 ut
714 4411 759 4462 ob·
809 4411 938 4479 logpag.
955 4413 1013 4465 109.
1039 4401 1156 4464 Aderit’
1176 4403 1261 4466 ἄντί.
1278 4419 1348 4468 uoti.

418 4666 466 4676 Δ
