3010 4966
450 351 823 417 TERPSIOHORE.
845 351 883 418 V.
906 363 951 420 87.
970 364 1014 420 83.

1237 356 1297 417 157

162 525 288 616 ἤκουον
302 526 341 596 τά
355 553 390 596 τε
404 523 488 596 itta
503 529 558 596 καὶ
574 533 685 614 δίκας,
701 534 931 618 διαβαίνοντες
945 531 978 607 ἐς
997 524 1215 616 Ἐπίδαυρον,
1231 533 1298 598 ἐδί-

165 631 269 700 δοσάν
283 658 318 699 τε
333 632 389 700 καὶ
403 629 592 720 ἐλάμβανον
605 629 684 721 παρ’
700 629 853 720 ἀλλήλων
866 637 900 701 οἱ
911 636 1106 720 Αἰγινῆται·
1133 629 1170 700 τὸ
1185 633 1221 702 δὲ
1235 629 1300 701 άπὸ

111 754 161 802 ιιι
171 740 270 804 τοῦδε
283 737 362 815 νίας
376 760 412 802 τε
426 734 606 824 πηξάμενοι
625 737 681 804 καὶ
695 732 916 826 ἀγνωμοσύνῃ
937 734 1137 824 χρησάμενοι
1157 731 1298 825 dariaeq-

165 935 330 1000 Inquisitio
354 935 404 985 hoc
424 941 531 1000 tempus
551 935 707 986 accuratius

165 1004 388 1056 constituendum
401 1005 431 1056 G.
444 1005 476 1054 0.
490 1005 612 1056 Mueller.
627 1006 708 1070 Aegi-

165 1081 232 1125 uett.
252 1090 314 1139 pag.
328 1073 377 1136 73,
393 1080 421 1124 et
435 1075 481 1125 vix
501 1077 569 1124 certi
587 1075 651 1140 quid
668 1077 708 1123 in-

164 1144 251 1194 dicari
267 1160 347 1209 posse
362 1149 438 1193 ratus
452 1145 480 1192 in
493 1144 646 1210 Olympiad.
659 1144 708 1193 LX

165 1215 248 1264 ferme
263 1217 318 1265 ista
331 1215 428 1264 cadere
444 1215 563 1266 coniicit.

200 1280 247 1332 aod
259 1281 341 1339 δίκας
351 1309 386 1319 -
395 1276 570 1332 ίδίδοσαν-
578 1277 650 1344 παρ’
660 1277 706 1330 oil-

164 1345 257 1417 iq'lmv
281 1346 311 1401 oi
329 1348 487 1417 Αἰγινῆται]
514 1355 566 1403 Pro
590 1351 706 1416 simplici

165 1420 212 1471 uod
228 1422 358 1474 Valcken.
377 1424 460 1472 scribi
484 1422 589 1472 mavult
605 1419 652 1470 nal
669 1413 705 1484 δὴ

165 1488 227 1554 καὶ,
246 1501 276 1542 ut
290 1508 346 1541 mos
358 1492 411 1540 sert
426 1493 575 1554 Herodoti,
595 1507 706 1556 praece·

166 1561 248 1612 deute
261 1562 396 1610 locutione
407 1555 441 1609 τά
453 1575 480 1608 τε
491 1552 568 1612 ἄλλα.
594 1563 655 1624 Qua
667 1567 709 1610 ta·

168 1648 227 1681 meu
240 1632 429 1681 emendatione
440 1631 511 1681 haud
523 1647 606 1696 opus:
621 1646 708 1694 neque

167 1717 227 1750 eam
242 1707 401 1766 receperunt
419 1700 481 1750 edd.
497 1707 611 1750 receuti.
643 1701 709 1750 Sen-

167 1786 213 1820 sus
228 1771 280 1820 luci
294 1777 347 1820 est:
374 1771 512 1835 Aepinetoe
528 1775 566 1821 ius
581 1771 709 1833 Epidauri

167 1844 267 1890 inuicem
280 1841 437 1903 altipassi
451 1839 548 1890 dotant
563 1848 588 1890 et
600 1842 707 1902 occipic-

167 1913 227 1960 Ιιιιια
249 1913 308 1960 aive
333 1909 395 1960 lites
420 1924 483 1960 suas
504 1925 594 1960 coram
618 1910 707 1960 iudice

168 1980 315 2044 Epidaurio
326 1979 531 2044 disceptabant:
545 1994 597 2044 quo
608 1979 706 2044 ipsese

167 2044 326 2115 Epidauriis
349 2049 458 2100 obedire
486 2041 612 2113 (ἀκούειν
634 2039 724 2098 Ἐπι-’

166 2118 305 2184 δαιιρίων)
326 2135 348 2186 ⁸:
366 2135 456 2170 eorum
474 2121 605 2184 potestati
616 2119 708 2168 subdi-

167 2199 211 2240 tos
232 2205 292 2240 esse
309 2189 502 2250 declarabant,
524 2192 624 2254 quippe
642 2189 708 2252 Epi-

167 2260 323 2310 dauriorum
340 2258 535 2321 iiuiedictioni,
562 2266 592 2306 ut
609 2259 647 2307 itu
669 2259 709 2307 di·

168 2345 243 2390 cam,
261 2328 421 2381 submissos.
442 2330 514 2378 'Nee
537 2329 616 2378 aliter
633 2333 707 2393 post-

167 2399 248 2448 modo
259 2396 462 2447 Atheniensium
473 2399 560 2448 socios
570 2397 632 2446 lites
643 2413 707 2446 suas

168 2468 281 2518 Athenis
300 2467 454 2530 disceptare
475 2483 562 2532 eoque
577 2467 708 2532 navigare

168 2544 279 2588 coaetos
294 2537 393 2600 fuisse,
412 2536 615 2586 Atheniensium
628 2537 710 2586 iuris·

168 2607 282 2658 dictioni
298 2607 451 2667 subiectos,
472 2607 576 2656 monuit
595 2606 629 2655 ad
647 2605 671 2654 h.
688 2605 706 2657 l.

169 2677 311 2738 Valcken,
325 2677 358 2726 de
369 2677 428 2740 ipsa
442 2675 558 2726 formula
568 2676 595 2726 iu
606 2674 707 2725 talibus

169 2747 282 2798 solemni
293 2742 375 2801 δίκας
385 2742 486 2793 δοῦναι
498 2741 545 2793 καί
556 2737 709 2811 λαμβάνειν

169 2817 247 2881 plura
260 2815 383 2880 exempla
394 2816 520 2876 afferens,
535 2816 631 2879 quibus
645 2815 707 2866 edd.

169 2885 308 2937 Plutarch.
319 2883 415 2935 Pericl.
428 2888 461 2935 75
475 2885 566 2950 ibique
580 2885 709 2947 siniensi,

170 2963 197 3005 et
212 2971 281 3020 quae
293 2971 343 3004 nos
357 2955 408 3018 ipsi
421 2956 456 3004 ad
467 2953 602 3004 Plutarch.
612 2954 709 3018 Pyrrh.

170 3043 196 3090 p.
212 3026 260 3075 160
281 3026 449 3088 monuimus,
470 3024 532 3074 coll.
549 3025 642 3074 Lexic.
657 3025 709 3074 Xe·

169 3095 436 3160 noplront.l.p.7⁴i'2.
451 3092 709 3144 Wachsmuth.llel·

169 3165 222 3217 len.
237 3164 431 3215 Alterthumsk.
442 3164 464 3214 1.
476 3179 502 3228 p.
513 3163 573 3216 21⁰.
602 3165 649 3215 Cr.
662 3162 710 3211 ad-

169 3235 210 3283 dit
223 3234 402 3284 Matthiaeum
422 3234 456 3282 ad
473 3233 572 3300 Hymu
588 3234 668 3282 llorn.
683 3248 709 3295 p.

170 3303 231 3355 268.
257 3304 338 3353 Haud
352 3303 432 3352 aliter
446 3295 530 3351 πιστά
544 3300 646 3351 δοῦναι
661 3295 710 3348 καί

170 3365 324 3440 λαμβάνειν
335 3373 407 3437 apud
417 3371 589 3438 Xenophont.
601 3373 627 3420 in
639 3372 710 3420 Aua·

170 3443 229 3494 bas.
245 3443 269 3506 Ι,
284 3445 310 3504 6,
326 3445 352 3500 7,
368 3443 414 3492 ubi
429 3441 482 3492 vid.
499 3447 568 3491 nott.
583 3441 618 3490 ab
630 3441 711 3490 Hert-

169 3512 233 3562 lein.
247 3513 284 3562 At
292 3513 325 3561 de
334 3511 537 3562 Atheniensium
548 3511 629 3562 sociis
640 3509 711 3576 quod

171 3583 275 3646 proiert
285 3579 426 3642 Valcken.,
440 3580 468 3629 id
483 3581 536 3631 huc
548 3580 619 3630 trahi
629 3595 710 3644 posse

172 3657 253 3717 negat
268 3651 389 3702 Mueller.
408 3651 424 3700 l.
441 3650 459 3700 l.
477 3665 538 3714 pag.
553 3651 600 3706 453
620 3649 710 3700 verbis

171 3725 242 3770 enim
260 3721 387 3786 quamvis
407 3719 474 3768 illud
493 3735 655 3781 consonum,
681 3735 710 3769 re

172 3797 264 3841 tamen
277 3792 337 3854 ipsa
352 3791 467 3840 maxime
480 3789 635 3854 discrepare
649 3804 713 3839 con-

174 3861 274 3919 tendit;
300 3875 378 3920 eum,
398 3875 466 3924 quae
486 3861 631 3923 posteriori
645 3863 713 3908 tem·

172 3946 238 3995 pere
253 3933 280 3979 in
299 3931 432 3980 sociorum
446 3930 526 3979 robus
538 3929 655 3994 publicis
670 3944 713 3978 co·

170 4001 358 4064 loniarumque
372 4001 398 4047 in
415 3998 577 4050 deductione
589 3999 714 4048 obtinue-

171 4071 241 4132 rint,
262 4070 297 4120 ab
317 4069 363 4119 illo
387 4069 475 4132 priseo
495 4084 563 4118 aevo
583 4069 714 4118 maximo-

172 4155 235 4204 pere
254 4140 309 4188 sint
326 4138 503 4199 removenda,
527 4139 573 4188 ubi
589 4137 714 4188 coloniae

172 4209 301 4258 deductio
311 4223 417 4258 sacrum
428 4208 562 4272 quoddam
572 4207 663 4269 inerit,
675 4207 714 4255 in-

172 4278 260 4342 deque
281 4279 390 4327 unicum
413 4283 440 4326 et
462 4277 619 4341 primarium
642 4276 714 4326 colo·

172 4349 237 4398 uiae
253 4346 391 4396 vinculum
405 4361 465 4396 curn
482 4347 547 4397 urbe
566 4347 658 4412 patria
672 4362 713 4394 sa-

172 4433 279 4470 crorum
303 4416 463 4469 communio.
504 4417 571 4467 Cum
592 4433 657 4468 vero
677 4417 711 4466 ab

758 935 918 1000 Epidauriis
929 935 1077 985 Dorienses
1088 935 1234 998 Aeginetae
1246 934 1299 984 ori-

759 1006 846 1055 undos
861 1022 920 1056 esse
933 1007 1074 1070 ipsamque
1089 1006 1219 1068 Aeginam
1234 1005 1298 1068 api-

759 1075 838 1124 dauri
852 1076 985 1125 colouimn
998 1089 1056 1126 esse
1074 1075 1164 1123 tradat
1178 1074 1299 1122 llerodo-

758 1151 803 1194 tue
815 1146 898 1208 VllI,
911 1145 945 1194 46
962 1144 1021 1208 (ubi
1035 1143 1165 1223 legimus:
1185 1137 1299 1206 Αἰγινῆ-

757 1211 807 1262 ταί
817 1208 869 1263 stoi
884 1211 1006 1276 Δωριέες
1025 1208 1082 1262 ἀπο
1099 1205 1298 1276 Ἐπιδαύρου),

757 1283 951 1334 accedentibus
963 1283 1102 1333 Pausania
1116 1281 1159 1344 ΙΙ,
1178 1281 1220 1334 29.
1241 1285 1265 1344 5.
1281 1283 1297 1331 5

758 1359 785 1402 et
797 1353 858 1402 aliis
871 1369 887 1402 a
895 1351 1024 1402 Muellero
1035 1353 1161 1402 excitatis
1172 1351 1298 1414 testibus,

756 1424 828 1472 inter·
834 1423 981 1488 Aeginetae
993 1421 1245 1486 atqueEpidaurios
1257 1427 1298 1468 ta-

757 1493 809 1543 lem
820 1494 960 1541 exstitisse
969 1490 1196 1541 necessitudinem
1208 1505 1298 1540 sacro·

757 1577 869 1626 rumque
882 1567 965 1625 atque
978 1562 1045 1610 iuris
1061 1575 1168 1624 quoque
1180 1574 1298 1608 commu-

757 1633 866 1681 nionem
881 1631 952 1680 idem
966 1631 1065 1680 statuit
1079 1630 1108 1679 C.
1125 1632 1157 1678 Ο.
1172 1627 1295 1678 Mueller.

758 1700 776 1752 l.
794 1701 811 1750 l.
830 1716 890 1765 pag.
906 1703 950 1754 45.
965 1701 1013 1762 46,
1039 1699 1102 1748 inde
1123 1699 1298 1762 repetendum

758 1787 819 1822 esse
835 1780 925 1834 ratus,
945 1770 1015 1834 quod
1029 1769 1061 1820 de
1078 1769 1218 1833 Aeginetis
1233 1766 1298 1830 Epi·

758 1841 914 1890 dauriorum
930 1839 1116 1888 iurisdictioni
1128 1838 1258 1889 subiectis
1270 1834 1298 1886 h.

758 1910 776 1960 l.
792 1909 928 1974 proditum
947 1909 1115 1970 invenimus,
1137 1924 1197 1957 cum
1211 1909 1298 1955 Dorus

757 1981 904 2044 Aeginetae
920 1979 1080 2042 Epidauriis
1100 1979 1218 2027 Doribus
1236 1975 1299 2024 sub-

758 2049 831 2100 ditos
842 2063 902 2099 esse
912 2047 955 2096 vel
964 2047 1068 2096 indoles
1076 2048 1177 2096 Dorum
1189 2047 1299 2095 minime

758 2119 867 2178 siverit3
883 2118 930 2168 sed
941 2131 1021 2166 unam
1034 2117 1125 2180 potius
1141 2117 1227 2166 fuisse
1238 2115 1299 2165 vult

758 2189 917 2249 civitatem,
935 2201 1090 2247 sacrorum,
1109 2191 1136 2234 et
1151 2201 1220 2250 quae
1236 2185 1299 2234 iude

759 2262 903 2318 emanant,
922 2255 1012 2319 legum
1030 2269 1136 2319 quoque
1154 2261 1182 2304 et
1200 2255 1297 2304 iurium

758 2330 946 2379 communione
961 2325 1144 2376 coniunctam.

795 2389 825 2445 ιδ
845 2389 875 2444 δὲ
894 2387 952 2443 άπὸ
966 2390 1057 2459 τοῦδε]
1082 2397 1101 2442 i.
1115 2411 1139 2442 e.
1153 2392 1184 2440 οδ
1199 2407 1227 2441 eo
1242 2393 1299 2440 iude

758 2477 881 2530 tempore,
899 2470 930 2514 ut
945 2464 971 2524 Ι,
991 2467 1015 2513 4,
1032 2464 1089 2512 130.
1128 2461 1169 2510 Ad
1185 2461 1300 2509 locutio-

759 2554 818 2588 nem
837 2535 902 2592 νέας
923 2533 974 2598 (ita
993 2533 1063 2582 enim
1083 2547 1143 2581 cum
1163 2530 1298 2590 Beklsero,

758 2606 914 2666 Dietsehio,
946 2603 1007 2652 aliis
1027 2602 1125 2666 scripsi
1148 2617 1196 2665 pro
1224 2597 1297 2663 vulg.

760 2673 830 2740 νῆας
842 2675 952 2725 iubente
964 2673 1080 2722 Bredov.
1096 2686 1149 2736 pag
1172 2669 1237 2727 261,
1252 2669 1300 2732 qui

760 2748 863 2797 excitat
886 2757 993 2808 quoque
1016 2740 1135 2792 Lobeclr.
1158 2739 1194 2788 od
1213 2737 1299 2803 Phry-

761 2816 831 2869 nich.
847 2832 873 2880 p.
891 2811 951 2877 170)
973 2804 1145 2874 πηξάμενοι,
1166 2822 1238 2873 quae
1252 2823 1299 2856 va-

758 2887 810 2938 let:
835 2885 939 2934 nauibus
959 2883 1106 2931 cosdroem
1128 2896 1150 2928 s.
1170 2884 1300 2941 postquam

759 2972 836 3006 ιιανισ
859 2954 1039 3004 construendus
1065 2951 1114 3000 aidi
1136 2957 1298 3008 coruom-our,

759 3027 869 3077 Homer.
887 3023 929 3074 lli.
943 3023 980 3082 ll,
995 3018 1184 3072 deisolius.
1203 3019 1234 3078 V,
1251 3016 1299 3067 163

761 3095 876 3145 conferri
892 3096 992 3159 potest.
1020 3089 1087 3140 lude
1098 3089 1169 3144 ναῦς
1181 3077 1301 3151 ἐπήξαν-

760 3178 792 3212 το
807 3163 879 3212 dixit
895 3177 1003 3227 quoque
1013 3161 1131 3208 Pausan.
1146 3158 1199 3213 IV,
1213 3158 1256 3218 35,
1272 3156 1298 3206 6.

759 3233 838 3297 Apud
852 3231 951 3282 Herod.
963 3231 1010 3290 Vl,
1026 3231 1053 3278 {¹2
1065 3229 1157 3279 eodem
1169 3226 1246 3276 modo
1260 3225 1300 3274 di·

761 3305 831 3354 citur
841 3293 947 3365 σκηνάς
961 3292 1127 3362 πηξάμενοι.
1153 3296 1194 3346 Ad
1205 3311 1299 3346 vocem

760 3363 948 3435 ἀγνωμοσύνη
964 3368 1036 3418 coni.
1051 3373 1118 3418 nott.
1133 3365 1168 3415 sd
1181 3366 1224 3428 Il,
1240 3365 1298 3414 177.

762 3443 847 3502 Beue,
862 3443 971 3503 opinor,
986 3435 1258 3501 Schweighaeuserus
1272 3435 1300 3482 in

761 3512 855 3561 Lexic.
872 3509 1004 3559 Herodot.
1021 3508 1230 3571 iuterpretatur:
1256 3521 1300 3554 or-

760 3578 876 3646 repoutid
891 3580 943 3638 asi,
964 3579 1049 3626 sirium
1062 3576 1158 3639 fiducid
1175 3576 1299 3636 ferociera-

760 3660 807 3702 ies.
840 3650 930 3698 illinus
951 3647 1041 3712 placet
1058 3645 1153 3696 Vallae
1168 3646 1300 3708 iuterpre-

762 3723 846 3770 tatio:
865 3719 931 3768 rrulto
948 3719 1050 3766 consido
1066 3719 1120 3773 usi,·
1139 3714 1300 3776 Wesseling.

762 3789 888 3840 dederat:
905 3787 941 3835 od
951 3789 1126 3836 contumacium
1137 3787 1212 3834 versi.
1223 3811 1256 3819 —
1268 3783 1301 3830 ln

762 3875 837 3924 seqq.
856 3849 992 3920 διάφοροι
1013 3862 1076 3906 sriut
1097 3855 1188 3904 inimici
1203 3854 1300 3902 discor·-

761 3931 856 3993 desqae
866 3965 872 3990 ,
884 3931 914 3976 ut
931 3925 1050 3991 explicat
1063 3924 1242 3985 Wesselrng.,
1262 3921 1301 3967 ei-

764 4005 825 4048 tans
838 3999 875 4057 V,
889 3997 931 4046 75.
945 3997 996 4058 Vl,
1010 3996 1043 4046 73
1060 3991 1115 4060 [52]
1133 3999 1159 4041 et
1172 3988 1298 4039 Abreselr.

762 4067 898 4118 Dilucidd.
914 4065 1053 4127 Thucydd.
1070 4079 1132 4127 pag.
1147 4061 1206 4111 567.
1231 4057 1301 4107 Add.

763 4133 894 4186 liesodot.
907 4135 995 4198 11,30.
1008 4133 1103 4193 lv,d.5.
1121 4133 1238 4180 Pausan.
1248 4125 1301 4186 ΙΙΙ,

762 4209 788 4259 a.
810 4210 833 4269 ξ.
853 4209 870 4256 4
890 4206 981 4270 ibique
1000 4201 1097 4251 Siebel.
1113 4227 1144 4236 -
1166 4199 1218 4246 Pro
1238 4186 1300 4258 ἔδη-

762 4269 859 4324 λέονιο
870 4272 1116 4336 Schweighaeuser.
1128 4275 1155 4319 et
1165 4266 1302 4318 Gaisiord.

764 4345 897 4396 dederunt
922 4337 1074 4406 dqie'ovzo,
1097 4339 1229 4388 firmatum
1249 4339 1302 4386 Eu-

762 4414 847 4465 stath.
863 4415 898 4464 ad
917 4413 997 4464 Iliad.
1016 4425 1080 4476 pag.
1096 4409 1144 4474 70,
1158 4411 1205 4472 rm
1226 4411 1302 4475 equi-
