3010 4966
434 381 801 446 TERPSIOHORE.
823 383 861 444 V.
884 391 927 448 87·
946 393 990 448 88.

1218 385 1278 449 165

144 563 202 630 ἵνα
224 555 265 647 δὴ
286 554 445 647 περόνῃσι
466 555 511 647 μὴ
530 559 701 646 χρέωνται.
739 561 807 625 ἔστι
830 557 865 626 di
885 555 1014 646 ἀληθέι
1025 556 1113 650 λόγῳ
1135 561 1277 648 χρεωμέ-
1288 571 1328 636 88

144 684 234 734 νοισι
248 659 309 730 οὐκ
327 658 389 742 'Iole
409 659 493 750 αὕτη
511 657 532 750 ἡ
551 659 653 750 ἐσθὴς
672 657 708 728 τό
724 658 883 746 παλαιὸν,
906 657 990 731 ἀλλὰ
1003 662 1157 748 Κάειρα·
1175 662 1280 752 &aeid

143 792 183 854 νε
202 759 375 854 Ἑλληνικὴ
396 765 498 854 godric
517 769 607 833 πᾶσα
627 761 648 853 ἡ
667 760 786 852 ἀρχαίη
805 767 873 832 τῶν
891 771 1063 850 γυναικῶν
1081 763 1101 854 ἡ
1121 764 1205 855 αὐτὴ
1226 759 1279 855 ἦν,

143 867 206 959 τὴν
219 873 284 938 νῦν
297 874 438 956 Δωρίδα
459 871 629 957 καλέομεν.
675 875 768 936 Τοῖσι
790 867 826 936 δὲ
845 865 1020 956 Ἀργείοισι
1039 871 1094 938 καὶ
1117 887 1202 938 τοῖσι
1217 878 1278 940 Al-

143 972 296 1062 γινήτῃσι
324 973 379 1040 καὶ
408 970 490 1059 πρὸς
510 975 615 1040 ταῦτα
636 977 683 1041 ἔτι
702 969 779 1039 τόδε
798 975 932 1060 ποιῆσαι
956 971 1061 1062 νόμον
1082 971 1168 1042 εἶναι
1190 971 1280 1062 παρὰ

142 1176 234 1223 mento
263 1171 388 1222 nonnihil
416 1171 501 1224 fuisse
532 1172 684 1232 diversum3

141 1255 306 1309 quamquam
320 1243 348 1290 iu
361 1257 412 1307 quo
428 1243 487 1306 ipso
500 1241 583 1291 fuerit
597 1243 685 1291 diver·

140 1328 208 1375 sum,
222 1311 249 1360 id
262 1313 289 1361 in
304 1317 384 1360 tanta
395 1311 610 1361 testimoniorum
628 1312 685 1360 iuo-

140 1383 188 1446 pia
201 1382 247 1430 vix
267 1385 343 1432 certo
362 1381 472 1431 dixeris.
505 1381 584 1434 (Ioni.
600 1381 630 1434 C.
649 1379 682 1433 Ο.

140 1449 265 1500 Mueller.
278 1451 344 1503 Dor.
355 1451 393 1500 11.
404 1467 467 1516 pap.
482 1450 542 1502 too.
567 1452 623 1500 Nec
636 1451 684 1498 rni-

139 1535 185 1569 ror
199 1519 323 1584 equidem
336 1535 369 1570 ea
383 1522 411 1569 in
430 1519 509 1577 urbs,
531 1535 601 1584 quae
614 1521 684 1569 inter

140 1589 260 1654 reliquas
276 1590 382 1640 divitiis
402 1592 429 1639 et
443 1589 540 1654 opibus
552 1595 685 1639 marcatu-

140 1660 172 1709 rd
194 1660 337 1722 acquisitis
352 1663 457 1709 mature
478 1658 622 1722 excelluit,
638 1675 683 1710 ve·

140 1729 242 1779 stioudi
256 1744 341 1794 genus
359 1735 492 1778 mutatum
507 1736 534 1778 et
549 1743 566 1777 a
584 1728 685 1792 simpli·

140 1799 210 1849 ciori
228 1798 327 1860 torma,
350 1813 419 1863 quae
439 1797 551 1847 Doribis
571 1797 682 1880 reliquis

139 1868 250 1932 propria
267 1867 331 1929 fuit,
349 1867 518 1931 aliquantum
536 1869 683 1918 recessisse

139 1937 175 1986 ad
194 1937 328 1987 rationem
348 1937 489 1988 cultiorem
514 1941 541 1986 at
565 1937 683 2002 exquisi-

139 2008 246 2056 tiorem.

175 2071 223 2124 ινα
244 2067 280 2138 δὴ
293 2066 443 2154 περόνῃσι
468 2066 506 2138 μὴ
530 2071 678 2138 χρέωνται]

138 2144 244 2194 Vocula
259 2135 301 2208 dr}
315 2145 407 2194 codem
421 2144 499 2194 modo
512 2145 611 2222 posita.
626 2159 680 2226 quo

139 2229 171 2264 sn
192 2215 273 2277 r,aV
285 2215 393 2264 bdinit.
414 2205 681 2276 ἶναὸὴμὴαῑαό-

138 2231 205 2332 soi
200 2253 273 2333 ἔωσι
279 2286 352 2332 τοῖσι
363 2280 548 2332 Σικυωνίοισι
561 2276 608 2331 aul
624 2282 681 2329 τοῖ-

139 2365 166 2402 σι
181 2347 324 2432 Ἀργείοισι
340 2353 397 2404 scil.
413 2349 510 2414 φυλαί
536 2351 680 2403 Fibnliss.

137 2413 274 2504 περόναις
300 2427 442 2474 uterentur
471 2436 583 2472 necesse
610 2425 679 2482 erat,

136 2493 302 2558 quicumque
319 2493 421 2543 Dorica
439 2497 581 2574 gestarent
599 2490 682 2541 vesti-

138 2567 230 2612 menta
247 2560 328 2611 nullia
350 2563 462 2611 manicis
482 2562 615 2611 iustructa
631 2575 680 2612 nec

138 2640 273 2688 consuta;
298 2631 394 2682 Ionum
418 2632 550 2692 amictus,
576 2632 605 2680 iu
627 2645 680 2694 quo

138 2702 230 2750 omnia
244 2705 359 2750 consuta
374 2705 468 2760 erant,
485 2699 574 2749 nullas
592 2700 681 2764 requi·

137 2771 217 2820 rebat
230 2769 336 2819 fibulas.
360 2769 479 2820 Subinde
493 2777 585 2818 tamen
598 2773 680 2819 etiarn

137 2840 165 2888 in
180 2839 272 2888 Ionum
286 2839 425 2890 mulierum
440 2839 543 2888 amictu
556 2830 681 2900 περόνας

135 2909 252 2958 inveniri
260 2909 295 2958 ad
302 2911 424 2959 manicas
434 2910 535 2958 scissas
546 2909 681 2958 coustrin-

135 2979 241 3043 gendae
252 2977 414 3028 monetC.O
436 2977 555 3028 Mueller.
563 2979 628 3027 Dor
641 2978 677 3026 11.

135 3063 200 3112 pag.
213 3047 274 3107 264,
288 3047 335 3112 qui
348 3047 418 3098 idem
431 3048 459 3096 in
469 3047 606 3112 Aeginett.
616 3062 679 3111 pag.

137 3118 171 3166 72
184 3117 255 3166 hauc
266 3117 403 3176 tabulam,
421 3132 500 3181 quam
517 3117 550 3166 de
563 3118 679 3167 vestium

135 3185 510 3237 commutationeIIerodotus
518 3187 610 3241 tradit,
621 3201 681 3250 pro-

135 3255 238 3307 fectam
252 3257 340 3306 rideri
352 3255 410 3306 vult
423 3271 437 3304 e
448 3255 537 3305 studIo
551 3261 578 3306 el
591 3256 681 3305 consi·

137 3325 175 3375 lio
186 3327 438 3390 antiquissimorum
450 3325 641 3375 historicorum
653 3328 680 3374 et

136 3395 224 3460 philos
229 3395 372 3458 ophornm‚
389 3395 548 3458 cuicumque
566 3409 681 3444 consuc-

138 3465 227 3515 tudiui
241 3471 269 3514 et
283 3465 410 3516 instituto
428 3459 524 3512 αἰτίαν
542 3469 570 3514 et
589 3462 681 3511 κτίσιν

136 3533 274 3599 quandam
290 3533 445 3599 quaerendi
468 3535 525 3583 Nec
535 3533 614 3582 aliter·
623 3533 680 3583 iere

136 3604 273 3654 iudicasse
291 3604 370 3653 video
384 3602 545 3654 Welcker.
538 3619 565 3651 ru
584 3605 680 3652 Museo

136 3673 259 3725 Rhenau.
273 3674 297 3736 l,
312 3674 338 3722 2.
355 3687 419 3738 pag.
432 3673 492 3723 252.
518 3671 586 3723 Mihi
600 3687 679 3723 secus

129 3743 255 3796 uidetur.

275 3914 341 3968 Csr.
355 3912 536 3968 LXXXVIII

169 4011 275 4083 όληθιϊ
284 4011 356 4085 λόγῳ
367 4009 559 4099 χρεωμένοισι]
575 4019 678 4068 Eadem

134 4089 239 4138 locutio
255 4091 276 4148 1,
293 4089 338 4148 143
359 4088 428 4136 alias
440 4079 563 4149 ἀληθείη
575 4079 677 4170 χρήσο-

134 4173 186 4221 μαι
198 4159 266 4219 VII
285 4158 344 4209 101.
367 4156 414 4206 104
434 4155 496 4208 coll.
509 4157 561 4215 VI,
577 4149 644 4208 53⁵
629 4171 675 4220 ορ-

134 4225 184 4293 uqi
198 4195 271 4290 λόγόι
282 4221 440 4304 χρεωμένῳ.

165 4279 289 4360 ποιῆσαι
302 4289 392 4358 νόμον
407 4275 493 4359 εἶναι]
516 4295 557 4344 Ex
570 4299 677 4344 autece-

134 4365 224 4416 dentis
237 4381 298 4430 cap.
318 4366 397 4414 initio
412 4362 590 4428 supplendum
605 4358 676 4428 λέγε·

133 4451 190 4490 ται.
223 4437 262 4487 Ac
275 4450 354 4488 nemo
373 4449 426 4486 uon
443 4433 585 4499 iutelligit,
605 4433 676 4486 hano

735 1170 837 1236 legem,
853 1187 906 1238 qua
919 1173 1028 1224 Atticae
1043 1188 1146 1224 merces
1158 1174 1277 1240 prohibi-

735 1247 781 1290 tae
792 1247 864 1304 sunt,
875 1258 965 1292 carum
978 1259 1010 1292 ex
1022 1259 1120 1308 genere
1131 1259 1198 1305 esse,
1209 1259 1279 1310 quae

735 1313 1010 1376 uostristemporibus
1018 1329 1064 1376 per
1075 1314 1232 1364 omaeat'cre
1240 1316 1277 1364 ci·

734 1381 835 1431 vilates
846 1381 1020 1432 introductae
1033 1383 1222 1446 inveniuntur,
1235 1401 1276 1436 re-

735 1451 985 1516 ferriqueposscad
996 1453 1049 1501 ista
1059 1453 1274 1514 instituta‚nunc

735 1521 842 1582 quidem
864 1521 973 1584 cognita
998 1523 1082 1570 variis
1104 1523 1274 1572 nominibuss

734 1589 834 1648 Muull
847 1591 910 1649 Zull
923 1591 1022 1650 Ductus,
1036 1591 1134 1655 quibua
1147 1590 1189 1641 vel
1204 1592 1274 1641 redi-

733 1665 777 1710 tus
791 1661 915 1709 civitatis
928 1661 1023 1724 sugeri
1037 1659 1079 1709 vel
1094 1667 1273 1710 mercaturam

731 1729 885 1793 Indigenam
896 1731 1049 1800 promoveri
1062 1729 1201 1779 dictitant.
1223 1730 1274 1780 Cu-

732 1800 774 1848 ius
787 1799 891 1848 inventi
903 1791 1011 1849 laudem
1021 1814 1055 1849 nc
1068 1800 1128 1865 quis
1140 1801 1273 1850 recentio-

732 1867 806 1917 ribus
820 1869 937 1929 tribuat,
957 1871 1014 1932 ipsc
1026 1867 1070 1917 hic
1089 1869 1274 1934 antiquissimi

732 1937 857 1986 historici
870 1935 946 1986 locus
964 1938 1033 1987 satis
1046 1937 1134 2000 ducet,
1148 1954 1183 1988 ue
1197 1944 1272 1988 vete-

733 2022 776 2056 res
790 2006 897 2070 quidem
914 2005 980 2056 talia
992 2007 1122 2068 latuisse,
1143 2006 1273 2074 clareque

731 2081 944 2127 commonstrant
968 2075 1174 2126 Atheniensium
1198 2077 1273 2135 leues

731 2145 898 2208 complures,
924 2145 1023 2209 quibus
1041 2143 1126 2195 libero
1144 2148 1273 2197 mercium

732 2213 901 2279 quarundam
933 2215 1094 2264 commercio
1124 2215 1273 2266 interdixe-

730 2284 794 2342 rint,
810 2299 888 2332 suum
899 2283 1017 2347 ipsorum
1029 2284 1217 2333 commercium
1233 2285 1273 2334 in-

731 2353 764 2402 ds
788 2353 970 2415 maximopere
992 2353 1087 2416 augeri
1111 2353 1173 2401 rati.
1215 2354 1272 2403 Nec

730 2420 786 2472 alia
796 2437 861 2472 saue
870 2422 1060 2486 Aeginalarum
1072 2422 1156 2472 inisse
1165 2421 1273 2470 videtur

730 2491 863 2553 ratio,cui
877 2505 985 2541 causam
1001 2489 1172 2554 rereligione,
1189 2495 1220 2539 ut
1231 2489 1270 2552 fit,

730 2562 873 2626 repetitam
892 2561 1105 2624 praetexuerint.
1135 2560 1175 2608 Ac
1194 2575 1273 2610 sane-

731 2647 812 2696 quam
826 2630 899 2680 hand
912 2631 968 2680 scio
982 2645 1017 2679 au
1032 2645 1065 2679 ea
1074 2631 1135 2693 ipsa
1149 2627 1191 2678 lex
1205 2644 1273 2680 mer-

731 2705 854 2751 caturam
873 2705 900 2749 et
915 2699 1064 2749 sollertiam
1078 2699 1271 2763 Aeginetarum

730 2771 758 2820 iu
773 2770 901 2834 operibus
922 2768 1022 2832 figlinis
1037 2769 1117 2820 valde
1132 2784 1272 2832 promove-

729 2841 765 2890 rit
781 2846 808 2888 et
820 2840 938 2902 auxerit,
954 2855 1014 2888 cum
1027 2839 1084 2887 sius
1098 2839 1187 2903 gentis
1201 2842 1272 2903 opifi-

728 2913 801 2960 ciaue
817 2911 919 2972 fiplinue
942 2909 1097 2972 antiquitus
1117 2905 1271 2958 celebratae

730 2979 815 3029 luisse
829 2979 981 3028 videantur.
1008 2981 1077 3028 Nam
1098 2979 1169 3029 inter
1187 2987 1230 3027 no
1237 2978 1272 3026 is-

731 3050 813 3106 eima,
830 3052 860 3096 ut
874 3049 995 3108 videtur
1016 3047 1169 3098 istiusmodi
1187 3061 1270 3109 opera

731 3108 879 3180 dar'pouoc
895 3111 1040 3181 Αἰγιναιος
1053 3118 1126 3181 apud
1141 3117 1269 3177 Stephan.

730 3188 797 3250 Bya.
818 3201 840 3234 s.
855 3203 880 3236 v.
900 3185 1011 3248 Alyssos
1032 3185 1092 3237 coll.
1106 3189 1170 3237 arv.
1183 3181 1270 3244 Γάζα.

731 3257 772 3306 Τιι
795 3255 851 3305 vid.
869 3271 975 3321 quoque
993 3255 1114 3309 Mueller.
1134 3257 1269 3318 Aeginctt.

731 3341 793 3388 pag.
807 3325 841 3376 79
853 3339 910 3389 seq.
926 3330 952 3374 et
966 3325 1084 3375 Boeclsh.
1096 3325 1272 3375 Staatahaus·

731 3394 799 3444 halt.
815 3394 837 3446 l.
855 3409 916 3457 pag.
931 3393 964 3444 63
981 3411 1002 3442 s.
1018 3411 1079 3459 pag.
1094 3393 1128 3444 83
1150 3395 1191 3444 cd.
1214 3411 1269 3444 sec.

731 3465 829 3528 Itaque
844 3461 1083 3528 proiectolougum
1098 3464 1186 3524 abest,
1199 3465 1271 3528 quod

731 3533 852 3582 Orientis
868 3547 966 3582 morem
980 3532 1013 3581 ad
1029 3534 1170 3584 Graeciam
1183 3549 1270 3598 usque
1351 3578 1352 3582 ,

731 3608 909 3667 propagatum
934 3605 962 3651 in
987 3601 1037 3652 hoc
1065 3603 1192 3652 instituto
1218 3603 1272 3653 sibi

731 3687 880 3730 conoscere
902 3687 982 3736 possa
1003 3671 1111 3722 videtur
1134 3675 1269 3723 Laurent:

730 3741 852 3792 Histoire
866 3741 901 3789 du
912 3740 983 3790 droit
992 3741 1040 3792 des
1050 3757 1115 3804 gens
1125 3742 1163 3792 11.
1172 3759 1198 3806 p.
1211 3743 1271 3792 104.

764 3812 804 3859 De
823 3811 923 3860 atticis
945 3827 1025 3874 opere
1043 3811 1123 3862 fictili
1142 3812 1270 3876 omnique

728 3895 854 3930 vasorum
878 3879 1000 3930 fictilium
1026 3895 1124 3945 genere
1146 3897 1193 3944 per
1216 3897 1271 3929 om-

730 3966 788 3999 nem
808 3949 951 3998 Graeciam
973 3955 1056 4015 atqus
1074 3948 1183 4000 Italiam
1206 3949 1269 3999 hinc

727 4019 855 4068 traducto
869 4019 1072 4080 excellentibus,
1085 4019 1126 4068 ita
1138 4023 1182 4073 ut.
1197 4023 1269 4067 teste

728 4087 899 4151 Quintiliano
913 4089 1005 4142 instit.
1025 4105 1064 4139 or.
1082 4089 1125 4149 11,
1146 4087 1188 4146 li,
1208 4087 1268 4150 ipsa

728 4157 796 4209 haec
810 4173 855 4208 ars
873 4173 888 4207 s
906 4157 964 4207 luto
983 4173 1052 4206 vasa
1070 4155 1185 4206 ducendi
1200 4157 1269 4206 Atti·

727 4243 788 4276 cum
799 4232 953 4278 censeretur
964 4229 1113 4282 inventum,
1124 4225 1202 4290 plura
1213 4242 1268 4275 mo-

726 4312 791 4346 uere
809 4298 855 4346 vix
868 4301 976 4350 attinet.
1007 4297 1049 4346 Τιι
1068 4295 1122 4344 vid.
1142 4295 1222 4345 modo
1237 4297 1266 4347 O.

728 4366 760 4416 Ο
768 4365 890 4418 Mueller.
903 4366 1011 4416 Handb.
1022 4366 1047 4415 d.
1058 4363 1233 4428 Archacolog.
1242 4369 1265 4428 ξ.

727 4435 770 4488 62.
784 4462 819 4473 -
837 4436 869 4485 Ιιι
880 4451 956 4501 seqq.
975 4451 1024 4502 pro
1036 4434 1111 4502 vulg.
1125 4431 1203 4499 παρά
1216 4447 1266 4500 σφι
