2950 4986
240 365 300 434 768

671 369 937 435 HERODOTI

238 547 330 636 μήδη
350 549 463 635 μέντοι
478 541 544 616 ὑπό
559 553 836 635 Λακεδαιμονίων
858 544 960 617 οὐδὲν
973 550 1083 616 ἕσσον.
1125 543 1323 638 Ἐπιάλτης
1337 549 1391 636 μὲν
1454 535 1456 608 Ῐ

171 662 230 725 214
240 647 327 720 οὕτω
341 647 483 736 ὕστερον
501 651 629 720 τούτων
642 647 801 720 ἀπέθανε.
835 648 924 720 ’Ἐστι
941 651 978 719 δὲ
991 653 1104 736 ἕτερος
1123 652 1327 742 λεγόμενος
1340 651 1388 722 λό-

237 783 311 843 γος,
328 750 370 834 ὡς
391 751 527 842 Ὀνήτης
540 781 575 822 τε
590 749 607 822 ὁ
622 755 842 841 Φαναγόρεω,
864 752 951 842 ἀνὴρ
964 755 1178 839 Καρύστιος,
1196 759 1261 825 καὶ
1278 765 1388 844 Κορυ

238 855 357 938 δαλλός
383 854 614 946 Ἀντικυρεός,
643 861 707 927 εἰσὶ
730 863 764 927 ολ
781 868 935 938 εἴπαντες
960 858 1042 942 πρὸς
1067 865 1218 945 βασιλέα
1246 860 1390 938 τούτοις

237 961 314 1042 τούς
329 961 464 1048 λόγους,
485 964 540 1031 καὶ
554 962 835 1051 περιηγησάμενοι
849 961 885 1030 τό
901 953 1000 1052 οὖρος
1014 977 1099 1032 τοῖσι
1117 967 1308 1054 Πέρσῃσι,
1335 961 1388 1032 nsi·

238 1072 349 1155 δαμῶς
365 1067 439 1152 ἐμοί
456 1092 493 1152 γε
515 1065 638 1144 πιστός.
677 1065 775 1134 τοῦτο
803 1064 950 1153 μὲνγὰρ
971 1071 1057 1157 τῷδε
1079 1063 1143 1156 χρή
1167 1067 1387 1154 σταθμώσα-

235 1181 334 1256 σθαι,
367 1165 415 1240 ότι
444 1173 479 1238 oi
502 1173 570 1238 τιόν
592 1166 758 1257 Ἑλλήνων
772 1169 964 1258 Πυλαγόροι
988 1171 1204 1257 ἐπεκήρυξαν
1228 1169 1302 1241 ουίι
1327 1173 1420 1240 izin!

230 1271 350 1362 Ὀνήτη
378 1299 413 1341 τε
435 1274 490 1340 καὶ
511 1277 718 1364 Κορυδαλλῷ
743 1269 921 1360 ιἰργόριον,
949 1268 1026 1341 ἄλλ’
1053 1275 1107 1341 ἐπὶ
1135 1271 1311 1364 Ἐπιάλτῃ
1342 1279 1389 1366 τῷ

240 1384 420 1468 Τρηχινίῳ,
443 1375 573 1456 πάντας
587 1403 650 1444 κου
669 1373 705 1444 τό
728 1372 966 1462 ἀτρεκέστατον
981 1377 1193 1464 πυθόμενοι·
1224 1379 1390 1448 τοῦτοδὲ

234 1481 403 1569 φεύγοντα
424 1477 482 1548 τὸν
506 1475 683 1568 Ἐπιάλτην
701 1477 827 1568 ταύτην
844 1477 905 1568 τήν
927 1485 1038 1568 αἰτίην
1065 1487 1224 1568 οἴδαμεν.
1276 1487 1388 1570 εἰδείη

234 1642 378 1714 σημανέω]
403 1649 517 1698 Frustrs
540 1647 567 1697 iu
587 1648 721 1699 Herodoti
744 1649 775 1698 li·

234 1721 298 1783 bris,
313 1721 357 1784 qni
371 1717 458 1768 edhuc
475 1725 629 1782 supersunt,
645 1733 678 1770 es
692 1735 774 1784 quse·

233 1805 291 1850 res,
308 1805 378 1854 quee
393 1788 426 1838 de
439 1787 567 1853 Ephialte
584 1803 614 1839 se
631 1795 773 1839 enarretu-

233 1875 292 1910 rum
316 1875 376 1910 esse
392 1855 419 1906 h.
438 1858 455 1908 1.
478 1856 621 1924 pollicetur
640 1858 772 1909 historiae

234 1935 319 1996 peter.
354 1928 484 1990 Proinde,
505 1929 545 1978 eit
566 1928 771 1995 Wessclingius‚

233 2006 282 2050 eut
293 1999 393 2051 obiitus
407 2013 497 2050 eorum
513 1999 630 2064 scriptor
645 2005 700 2060 est,
724 2007 772 2049 eut

233 2071 332 2122 desunt
353 2067 449 2120 mults:
475 2069 586 2119 oblitum
604 2083 664 2120 esse
679 2083 770 2120 eorum

234 2141 401 2192 Herodotum
432 2139 536 2189 iudicet
565 2153 672 2204 quoque
695 2139 771 2188 Seio·

232 2227 304 2261 mon.
324 2213 351 2260 in
371 2211 550 2260 Commentet·
571 2209 604 2258 de
617 2207 768 2272 Thucydid.

233 2287 261 2331 et
275 2281 407 2331 Herodot·
428 2279 527 2342 (lierni.
550 2277 628 2342 11151)
645 2293 706 2342 pag.
725 2280 770 2336 153

231 2365 319 2418 neque
337 2351 406 2400 edon
429 2348 581 2400 mirandum
605 2363 665 2398 cese
682 2347 770 2409 sddit,

232 2422 255 2470 si
273 2419 337 2486 quid
355 2421 383 2468 in
397 2423 454 2468 tem
471 2419 601 2470 immense
618 2433 705 2468 rerum
724 2431 770 2467 co·

230 2493 277 2556 pie
302 2490 455 2542 memorium
486 2487 629 2554 scriptoris
658 2487 768 2552 fugerit.

231 2561 324 2612 Malim
337 2559 461 2626 equidem
475 2565 610 2622 statuere,
630 2573 707 2622 quem
722 2573 770 2607 us-

232 2647 285 2698 quc
307 2631 341 2680 ed
369 2635 515 2684 extremum
545 2629 618 2680 vitoe
645 2627 715 2677 diem
741 2629 770 2675 iu

230 2717 311 2767 opere
321 2699 445 2766 poliendo
456 2706 537 2763 etque
550 2695 716 2748 absolvendo
727 2712 771 2746 oc·

230 2777 358 2836 cupatum
378 2785 438 2819 esse
456 2769 580 2818 novimus
601 2766 768 2828 historicum,

231 2857 290 2892 eum
317 2845 488 2906 praemature
512 2843 597 2886 morte
628 2837 769 2900 obreptum

232 2926 285 2962 non
317 2910 439 2976 potuisse
464 2909 492 2955 in
517 2905 691 2970 sequentibus
719 2919 769 2954 suo

230 2981 290 3030 loco
304 2979 432 3038 adiicere,
445 2977 550 3041 quaein
565 2981 653 3024 mente
665 2973 768 3037 babuit,

230 3045 570 3172 titibutiii‘iii
587 3043 769 3165 {iiiiii

230 3193 335 3256 laege.
348 3189 469 3252 Disputt.
482 3183 599 3234 Herodd.
613 3200 639 3249 p.
655 3149 685 3234 12
699 3199 766 3248 seq„

230 3253 766 3326 qnicumDehiruennoziierod.pug.48.

233 3329 290 3383 137.
317 3329 366 3379 211
394 3327 526 3378 Herodoti
552 3339 635 3390 opus,
666 3323 765 3388 quippe

231 3399 333 3466 quode
356 3397 497 3462 scriptoris
519 3394 633 3446 consilio
652 3393 765 3444 ulterius

230 3468 391 3530 tetenderit,
413 3467 449 3516 sd
461 3467 539 3516 tinem
557 3479 642 3529 usqne
655 3461 766 3512 obsolu-

230 3547 286 3590 turn
307 3539 391 3588 inisse
409 3542 500 3602 neget.
515 3561 548 3572 -
571 3535 603 3584 Iu
621 3549 697 3598 seqq.
716 3547 764 3596 pro

229 3597 318 3676 ήσσαν
331 3607 392 3658 dedi
404 3600 498 3670 trouv,
514 3605 546 3654 de
560 3619 614 3670 quo
626 3603 681 3655 vid.
694 3607 763 3651 nott.

231 3680 266 3732 ed
278 3681 310 3744 V,
323 3679 356 3728 72
368 3682 395 3728 et
407 3668 514 3724 τοότιον
528 3689 576 3740 pro
589 3667 720 3722 τουτέων.

398 3847 462 3900 Cur.
479 3839 596 3897 CCXIV.
655 3893 660 3902 ,

270 3949 416 4024 λεγόμενος
434 3942 528 4016 λόγος]
547 3947 648 4000 Similis
661 3947 763 3998 locutio

230 4031 284 4094 lv,
299 4030 343 4092 12,
358 4024 405 4076 ubi
420 4021 474 4075 vid.
505 4021 547 4070 Dc
561 4021 670 4083 Carysto
689 4017 760 4067 coni.

230 4104 282 4166 vl,
298 4101 340 4152 99.
370 4081 549 4154 Κορυδαλλὸς
562 4089 662 4138 retinui
683 4087 717 4136 ob
731 4086 763 4135 li·

228 4173 336 4224 brorurn
351 4167 510 4230 scriptorum
521 4160 711 4238 suctqritetem
721 4157 762 4206 its

228 4239 425 4296 exhibentium
452 4227 615 4294 Κορυδαλος
639 4225 762 4280 exhibuit

227 4309 422 4374 Wcsseiingius
447 4302 570 4366 idemque
598 4301 762 4349 revocarunt

226 4383 347 4442 bekker,
367 4374 490 4428 Diudori.
512 4378 539 4422 et
558 4367 697 4430 Dietseh.‚
724 4367 761 4416 in·

226 4453 292 4508 vitis
309 4453 439 4518 quantum
455 4443 511 4495 scic
526 4439 603 4492 libris
623 4436 760 4498 omnihus3

822 1653 922 1702 Noster
941 1665 1023 1715 supro
1039 1665 1148 1716 quoque
1163 1651 1210 1715 11,
1233 1653 1293 1704 150
1309 1651 1386 1713 Σαρ-

822 1731 1038 1800 δαναπάλλου,
1067 1736 1215 1802 duplicstd
1241 1737 1332 1790 litert
1355 1740 1383 1794 1;

822 1799 1382 1872 quereKoquuiidccurtolistnr,hscd

822 1883 962 1941 exputem3
987 1883 1107 1926 retrecto
1132 1883 1230 1928 temen
1257 1887 1380 1928 eceentn

822 1941 1004 2008 Κορόδαλλος
1018 1947 1100 1998 scribi
1111 1947 1221 1997 meruit
1233 1947 1380 2014 Schweig-

821 2016 977 2067 haeuserus.
988 2043 1021 2052 -
1034 2015 1097 2066 Mox
1110 2017 1175 2067 dedi
1189 2014 1317 2082 βασιλέα
1329 2035 1377 2083 pre

821 2083 949 2150 βασιλήα.
977 2087 1008 2135 In
1027 2103 1102 2151 seqq.
1120 2087 1207 2136 verbo
1228 2091 1377 2152 τεριηηεῑ·

821 2155 890 2204 σθαι
902 2157 1017 2220 ducendi,
1028 2158 1186 2206 rnouetrundi
1196 2158 1322 2207 notione
1331 2158 1373 2206 ds·

821 2227 894 2276 tirus
909 2241 1041 2290 personne
1054 2225 1178 2275 edditur:
1192 2226 1230 2276 de
1245 2243 1307 2292 quo
1318 2229 1370 2280 rid.

820 2295 931 2346 Fischer
949 2295 984 2346 ud
1000 2295 1108 2346 Welier.
1125 2295 1184 2358 111,
1197 2313 1227 2350 ι.
1242 2311 1314 2362 psg.
1325 2299 1367 2348 dii

820 2371 847 2416 et
859 2371 927 2416 nott.
943 2367 977 2414 ed
992 2365 1094 2416 Herod.
1110 2367 1158 2424 IV,
1174 2367 1243 2428 125,
1267 2367 1365 2418 Preiier

820 2433 855 2485 ed
865 2435 1004 2490 Polemon.
1016 2451 1079 2502 pag.
1091 2437 1149 2486 151.
1170 2437 1281 2491 Eodem
1294 2439 1363 2488 mods

820 2504 1006 2570 ιιατηηεῐσθαι
1020 2507 1083 2568 vlt,
1097 2505 1159 2556 215.

855 2605 927 2676 τῷδε
941 2601 993 2674 χρή
1006 2598 1250 2672 σταθμώσασθαι]
1270 2609 1292 2658 i.
1309 2624 1333 2658 e.
1344 2609 1368 2658 id

819 2682 881 2728 euim
895 2679 978 2744 (bunc
991 2693 1140 2730 eermouem
1152 2679 1268 2728 minime
1281 2679 1368 2728 credi·

819 2749 899 2798 bilem
912 2749 984 2814 esse)
1001 2750 1059 2800 inde
1073 2750 1191 2813 cciiiqere
1208 2751 1278 2798 iicet.
1316 2749 1367 2799 Ubi

820 2819 888 2870 mele
902 2819 965 2870 oiim
976 2815 1041 2868 τόδε
1054 2834 1102 2883 pro
1112 2813 1194 2882 τῷδε,
1209 2819 1287 2883 quod
1299 2819 1366 2868 bene

818 2891 871 2938 iem
888 2892 979 2940 tuetur
998 2888 1206 2952 Wesseliugius,
1231 2887 1276 2937 his
1299 2889 1367 2938 locis

819 2957 927 3010 elletis:
948 2959 1000 3022 111,
1016 2957 1269 3018 to.v11,2³70011.
1284 2958 1364 3008 Stob.

818 3031 903 3078 Serus.
917 3028 1045 3086 xxvnr.
1059 3027 1098 3080 18.
1114 3043 1140 3091 p.
1156 3027 1214 3078 197.
1228 3027 1280 3091 (Τ.
1297 3029 1321 3078 1.
1339 3044 1364 3092 ρ.

818 3100 868 3148 412
881 3097 992 3162 Geisi.).
1026 3098 1068 3148 Tu
1081 3097 1144 3146 edd.
1160 3097 1264 3146 Herod.
1281 3097 1322 3160 11,
1339 3101 1363 3150 2.

817 3167 1238 3231 V11‚10.§.2.tr.1v,58.-
1254 3167 1364 3218 Moxiu

815 3235 914 3287 Aldine
924 3238 1038 3303 aliisque
1051 3229 1080 3284 ui
1089 3227 1270 3299 Πνλαγόραιτ
1289 3253 1364 3302 quec

815 3306 904 3356 forms
929 3307 1053 3373 quemvis
1081 3305 1153 3356 hsud
1175 3304 1292 3356 incolite
1316 3309 1364 3368 sit,

814 3377 934 3440 praetuli
959 3383 1048 3428 temen
1074 3391 1133 3426 cum
1155 3375 1271 3440 reliquis
1298 3377 1362 3426 edd.

817 3441 979 3510 Πυλαγόροι
995 3444 1134 3496 meliorum
1146 3444 1225 3496 codd.
1238 3446 1362 3498 auctori·

815 3520 873 3566 tete
892 3517 1026 3568 firmatum
1046 3521 1074 3565 ct
1091 3514 1152 3566 ioco
1167 3515 1278 3580 gemino
1296 3516 1360 3578 vn,

815 3585 881 3644 213.
900 3587 947 3636 uhi
959 3578 1133 3648 Πυλαγόρων
1151 3601 1168 3634 s
1180 3600 1248 3636 voce
1262 3582 1360 3634 Huiu-

814 3649 906 3718 ηόροι,
920 3672 974 3706 uon
988 3647 1176 3720 Πνλαηορέων
1189 3671 1206 3704 e
1217 3670 1286 3706 voce
1298 3651 1359 3704 Πυ-

813 3715 941 3790 λαγόραι.
959 3725 1020 3776 Vid.
1032 3740 1103 3791 quoe
1114 3726 1183 3775 citet
1193 3725 1223 3775 G.
1231 3726 1277 3774 Fr.
1286 3725 1359 3776 Her·

814 3811 907 3846 menn:
927 3794 1033 3848 Griecb.
1050 3794 1256 3852 Stnetsuitcrth.
1272 3798 1296 3858 ᾗ.
1313 3796 1357 3846 14.

815 3874 871 3915 not.
886 3867 926 3916 ΙΙ.
962 3865 1031 3916 Sunt
1044 3871 1135 3916 sutem
1150 3857 1180 3914 oi
1192 3861 1249 3913 τοῖν
1259 3855 1359 3928 'Euri-

814 3948 872 3982 νων
886 3926 1049 3998 Πυλαγόροι
1069 3951 1123 3985 uon
1146 3935 1196 3985 siii
1219 3943 1305 4000 etque
1324 3935 1357 3997 ii,

813 4005 861 4070 qui
873 4009 1005 4056 vocentur
1023 4004 1162 4068 vl1‚213.
1199 4005 1263 4056 vid,
1284 4005 1359 4056 Titt-

813 4090 903 4126 menn.
916 4073 934 4126 l.
948 4073 966 4126 1.
980 4090 1043 4138 cop.
1055 4075 1088 4126 V.
1105 4077 1130 4138 §-
1142 4075 1167 4126 t.
1182 4090 1210 4140 p.
1223 4075 1281 4126 110.
1295 4079 1357 4126 not.

815 4146 826 4194 l
841 4143 903 4196 coll.
918 4145 970 4208 IV,
987 4145 1013 4194 4.
1027 4160 1053 4209 ρ.
1070 4145 1113 4194 83.
1126 4143 1169 4196 85.
1184 4171 1219 4180 ·—
1234 4144 1356 4196 Verbum

812 4203 1008 4277 ἐπικηρύττειν
1022 4215 1103 4279 ettigi
1117 4213 1153 4264 ed
1165 4215 1228 4278 vn,
1242 4214 1304 4267 213.

847 4290 989 4358 φεύγοντα
1008 4289 1059 4345 τόν
1074 4287 1227 4361 Ἐπιάλτην
1245 4290 1357 4361 ταύτην

811 4357 863 4427 τήν
875 4361 971 4430 αἰτίην
985 4361 1115 4430 οἴδαμεν]
1138 4365 1260 4418 Alterum
1272 4383 1355 4433 ergu-

812 4439 945 4497 mentum,
963 4450 1016 4500 qno
1033 4437 1131 4488 ductus
1148 4435 1220 4488 hsnc
1237 4437 1355 4489 formem
