3010 4966
220 342 260 411 82
652 331 919 400 HERODOTI

219 519 296 600 ὁδὸς
321 515 434 587 άτιασα
459 516 516 584 καὶ
544 510 717 602 ἀσφαλέος.
755 511 810 582 διὰ
831 515 893 602 μίν
918 538 956 600 γε
978 512 1106 596 Λυθίης
1128 506 1183 576 καὶ
1205 513 1359 594 Φρυγίης

220 623 364 711 σταθμοὶ
377 628 541 698 τείνοντες
563 625 669 687 είκοσί
681 623 761 704 elur,
783 614 994 705 παρασάγγαι
1009 613 1045 681 di
1059 614 1210 700 τέσσερες
1230 612 1287 678 καλ
1302 613 1357 678 ἐν·

222 727 382 816 ενήκοντα
403 724 459 792 καὶ
478 719 589 810 ἥμισυ.
635 717 820 789 Ἐκδὲκεται
845 716 878 787 d’
901 721 937 787 ἐκ
967 721 1023 805 τῆς
1045 722 1195 804 Φρυγίης
1216 709 1234 781 ὁ
1254 712 1358 794 ’Ἅλυς

222 827 383 917 ποταμὸς,
409 818 509 919 ἐτιήί
530 824 633 894 τάλαι
651 851 687 892 τε
702 831 825 910 ἔπεισι,
845 819 902 900 τάς
917 819 1103 904 διεξελάσαι
1124 821 1213 886 πάσα
1228 813 1359 905 ἀνάγκη

222 995 299 1062 plura
312 995 341 1044 in
356 993 438 1044 Thes.
450 991 530 1058 Ling.
544 991 641 1043 Gracc.
657 989 720 1041 vl1.
737 1005 764 1054 p.
849 982 897 1036 καὶ
910 980 1075 1042 καταλύσιες
1095 978 1251 1048 κάλλισται]
1272 983 1360 1033 Intel-

222 1068 274 1119 ote
291 1063 394 1130 seqq),
411 1063 462 1113 hoc
477 1062 537 1114 loco
551 1061 678 1112 dicuntur
695 1075 764 1108 man·
814 1057 935 1124 ligantur
958 1057 1083 1121 bospitio,
1109 1056 1136 1104 iu
1160 1054 1258 1119 quibus
1278 1051 1361 1118 profi·

222 1139 306 1188 aiones
319 1137 377 1186 sive
390 1137 512 1184 stationes
524 1147 570 1199 per
584 1145 675 1181 omnes
688 1129 764 1194 regni
815 1130 948 1179 oiscentes
970 1126 1073 1177 deverti
1092 1126 1195 1188 solent,
1219 1125 1301 1174 certis
1314 1124 1359 1172 iti·

224 1211 316 1272 partes
330 1203 489 1268 dispositae,
503 1203 520 1252 i.
534 1219 558 1252 e.
570 1201 632 1251 loca
644 1204 720 1250 certa
736 1203 764 1247 et
815 1215 908 1248 uerum
919 1196 1016 1262 spatiis
1030 1197 1190 1256 constitute,
1204 1193 1298 1259 qualia
1310 1193 1360 1242 ad-

224 1274 349 1336 definita,
360 1274 493 1338 inquibus
504 1271 652 1321 subsistere
665 1284 697 1319 ae
707 1283 764 1333 per·
815 1268 868 1318 lruo
890 1283 936 1333 per
951 1267 1088 1316 Orientem
1109 1266 1198 1314 ubivis
1219 1263 1360 1328 reperiun-

224 1351 336 1396 uoctare
352 1342 441 1392 solent
455 1342 503 1407 qui
519 1342 571 1390 iter
584 1340 704 1398 iaciunt,
722 1353 764 1387 re·
816 1344 860 1388 tur
874 1354 889 1388 e
902 1335 1058 1386 Mubamedi
1074 1334 1257 1400 praescripto;
1276 1332 1359 1396 vulgo

223 1417 267 1479 gis
275 1415 341 1464 curt
352 1413 425 1461 omni
434 1415 580 1475 apparatu,
592 1407 765 1466 deversoriia,
815 1413 916 1459 vocant
924 1407 1123 1464 Coronensem,
1137 1406 1154 1454 i.
1166 1419 1189 1454 e.
1202 1403 1359 1452 mansiones

223 1485 287 1534 aliis
297 1483 377 1532 rebus
388 1482 533 1530 instruere.
553 1480 624 1528 Hinc
635 1477 707 1526 inira
717 1477 765 1538 VI,
817 1479 853 1527 ad
867 1479 986 1528 inurente
1002 1474 1134 1525 mutanda
1144 1472 1187 1524 vel
1199 1473 1358 1534 recreanda,

227 1551 275 1602 119
285 1551 567 1600 Dariusliretrienses
580 1551 677 1611 captos
690 1545 765 1596 nullo
816 1548 862 1597 ubi
873 1547 925 1612 ipsi
935 1544 1056 1594 homines
1066 1543 1173 1594 itineris
1182 1543 1302 1608 requiem
1313 1557 1359 1606 pc·

225 1619 296 1670 malo
311 1619 436 1670 affecisse
451 1619 568 1677 dicitur,
586 1616 634 1668 sed
653 1631 700 1667 eos
716 1612 766 1678 τῆς
816 1622 879 1666 tunt
898 1631 931 1664 ac
949 1617 1153 1665 recreationem.
1185 1614 1227 1662 Tu
1243 1613 1298 1662 vid.
1312 1627 1359 1675 po·

225 1686 312 1739 ]Ιισσί
331 1679 449 1752 epulone
467 1684 610 1736 κατοίκισε
633 1675 646 1734 ἐ
653 1701 669 1734 ν
688 1697 765 1733 στα·
816 1687 951 1737 tissimum
966 1684 1082 1736 Heeren.
1096 1683 1137 1734 ld.
1154 1681 1183 1744 Ι,
1200 1684 1223 1733 Ι.
1237 1697 1300 1746 pag.
1312 1681 1356 1733 78.

224 1755 302 1842 θμῷ
312 1703 461 1818 deterosi,
474 1755 513 1823 τῶ
524 1746 635 1818 οὔνομά
644 1745 701 1805 ἔστι
711 1747 766 1818 Ἀρ-
816 1758 847 1819 Ι,
863 1759 888 1805 2.
904 1770 965 1820 pag.
979 1756 1044 1818 222,
1064 1754 1113 1820 qui
1126 1749 1196 1802 tales
1212 1751 1295 1802 aedes
1313 1765 1358 1800 ac·

225 1825 444 1892 θερικκαιηαααι
453 1818 583 1891 σταθμὸν
592 1817 699 1875 ἑαυτοῦ
708 1823 767 1873 unl-
817 1825 1079 1889 ouratedesoripait.
1105 1821 1147 1872 Ad
1163 1824 1251 1887 ipsam
1262 1835 1357 1872 vocem

225 1898 280 1948 lnm
291 1897 373 1948 alium
383 1911 443 1948 esse
455 1901 538 1961 atquc
548 1887 677 1959 σταθμὸν
689 1890 766 1958 βασι·
816 1887 967 1950 κατάλυσις
978 1894 1050 1947 oonf.
1062 1892 1174 1943 Diodor.
1186 1891 1269 1942 Sicul.
1282 1891 1356 1950 xvi,

225 1963 321 2032 λήϊον,
341 1966 389 2032 qui
405 1967 457 2017 hoc
475 1967 535 2017 loeo
555 1966 669 2026 dicitur,
691 1967 765 2014 reete
816 1967 858 2016 4Ι.
877 1992 908 2000 -
932 1965 973 2014 De
993 1964 1077 2014 fluvio
1096 1964 1180 2028 Halys
1198 1961 1270 2011 oeni.
1286 1966 1356 2010 nott.

225 2041 306 2088 notat
317 2035 415 2088 Grote:
433 2037 546 2101 History
559 2036 589 2086 oi
602 2035 705 2086 Greeoe
717 2033 764 2084 IV.
817 2035 853 2085 ad
862 2035 884 2094 Ι,
897 2035 923 2096 (t,
934 2035 977 2084 72.
1007 2032 1050 2084 nd
1062 2033 1134 2082 buuo
1148 2046 1232 2096 usque
1248 2032 1357 2081 fluvium

225 2107 350 2240 θιίῗλι,
366 2103 765 2254 ίὲζίλῗλιλθῗλλλίῖἕε
816 2103 1358 2239 ittttff‘tttttultstatut

226 2241 382 2308 Περσίδος,
403 2261 435 2303 ος
456 2245 580 2295 καλεῖται
599 2235 766 2308 Καμαστός,
817 2258 870 2310 quo
884 2258 978 2293 cursus
999 2242 1081 2292 buius
1096 2241 1172 2292 fluvii
1188 2240 1358 2290 occidentem

225 2308 299 2364 ἔνθα
312 2315 403 2379 κῶμαι
416 2311 522 2364 πυκναὶ
535 2311 582 2364 καὶ
594 2308 663 2370 λεώς
678 2303 767 2368 ’wide
815 2327 910 2365 versus
929 2313 1045 2362 maxime
1071 2311 1191 2361 flectitur
1209 2310 1243 2359 ad
1264 2310 1357 2360 urbem

225 2379 274 2434 καί
286 2381 442 2450 σταθμοὶ
458 2382 565 2435 πολλοί.
592 2383 662 2434 Add.
673 2381 765 2434 Strab.
815 2382 952 2446 Ancyram
969 2398 1023 2432 uon
1036 2381 1117 2446 longe
1131 2380 1194 2429 iude
1210 2385 1357 2430 remotam:

226 2453 360 2520 11.p.79.
392 2454 523 2506 Dehisce
539 2453 693 2518 σταθμοῖς,
718 2466 766 2517 per
817 2454 916 2502 etenim
935 2451 987 2502 huc
1008 2467 1092 2516 usque
1108 2449 1358 2500 aSardibusrecta

225 2529 313 2576 tetum
335 2539 447 2588 regnum
471 2524 614 2588 dispositis
638 2523 665 2570 in
688 2535 766 2571 urum
816 2519 1281 2586 petentibusviserittititmilliarr.
1294 2533 1358 2583 geo-

225 2593 469 2660 proficiscentium,
504 2593 652 2657 scripserat
686 2605 766 2654 pecu·
815 2589 971 2654 graphice,
989 2607 1058 2656 quae
1075 2605 1241 2654 parasangas
1258 2589 1292 2638 89
1313 2604 1359 2638 ae-

225 2663 289 2712 liari
301 2662 392 2711 libello
406 2661 529 2720 Βαίτων,
542 2667 613 2711 teste
626 2659 765 2710 Athenaeo
816 2664 916 2724 quent:
936 2659 978 2710 bis
991 2663 1015 2709 si
1029 2659 1166 2710 addideris
1181 2662 1286 2709 viarum
1299 2673 1358 2708 arn-

226 2731 259 2780 X.
272 2746 299 2794 p.
313 2732 365 2780 442
375 2731 406 2790 Β,
419 2745 436 2778 α
445 2745 497 2794 qno
507 2729 600 2780 eodem
612 2730 714 2778 citetur
728 2729 764 2777 si·
814 2728 899 2793 bages
914 2729 1022 2794 aliaque
1040 2729 1084 2780 bic
1102 2728 1287 2794 respicienda,
1309 2743 1357 2792 pa-

226 2797 297 2847 milis
308 2797 390 2854 liber,
409 2813 487 2862 quem
497 2788 765 2862 conscripsit'dpo'v-
814 2813 948 2863 rasangae
965 2801 1016 2868 llll
1030 2815 1084 2848 uon
1096 2799 1241 2848 admodum
1260 2815 1277 2848 a
1291 2813 1357 2849 vere

225 2880 290 2926 τας,
316 2865 443 2916 laudatus
466 2866 510 2916 vel
531 2867 691 2931 simpliciter
715 2881 765 2915 no·
814 2869 1102 2933 recedentNosterque
1116 2868 1358 2934 quamsecuratis·

227 2937 298 2985 mins
318 2931 375 2983 τῶν
395 2932 539 2999 Σταθμῶν
558 2936 601 2988 vel
619 2932 765 2998 Σταθμῶν
814 2937 881 2988 sime
899 2937 968 2988 haec
988 2939 1113 2989 retulisse
1135 2939 1272 3004 putandus
1296 2937 1356 2986 erit.

225 3001 375 3066 Περσικῶν
394 3003 443 3069 (ΙΙ.
461 3020 487 3069 p.
503 3005 574 3056 etl.
588 3006 620 3056 X.
635 3021 662 3071 p.
673 3007 763 3055 4423.
814 3007 877 3060 Vid.
890 3008 1135 3073 Kiepert.l.l.pag.
1148 3009 1206 3060 127.
1230 3007 1358 3057 Ducebat

226 3073 289 3150 llll.
307 3088 337 3152 ¹³:
349 3073 439 3158 5290.
463 3074 524 3126 coll.
548 3090 575 3139 p.
595 3074 697 3140 ortu.)
720 3073 764 3126 vel
815 3081 907 3128 entem
920 3077 987 3129 bseo
999 3078 1060 3140 via,
1074 3079 1096 3128 si
1106 3077 1192 3128 eidem
1204 3079 1261 3128 viro
1275 3077 1358 3126 docto

225 3155 283 3192 τῶν
302 3157 353 3205 της
373 3140 459 3201 Λσιάς
475 3141 610 3209 σταθμῶν
628 3143 687 3210 (xi.
701 3159 763 3210 pag.
815 3145 972 3212 credamus,
985 3147 1115 3199 Sardibus
1132 3147 1358 3212 Caystrupediuur

226 3209 343 3277 500D.).
382 3211 450 3262 Cum
473 3229 538 3264 vero
560 3213 611 3265 bae
631 3215 765 3266 stationes
815 3216 933 3282 indeque
950 3233 1000 3282 per
1016 3218 1205 3268 Pessinuntem
1222 3217 1357 3282 usquead

227 3276 374 3346 (σταθμοὶ)
399 3284 481 3333 certia
502 3283 662 3350 quibusdam
683 3285 796 3361 iuter-q·¹
815 3286 950 3351 Ancyram
967 3293 995 3337 et
1012 3286 1047 3336 sd
1061 3286 1162 3352 Halyn.

225 3349 306 3402 vallis
321 3350 473 3416 dispositas
493 3359 599 3417 essent,
621 3354 694 3405 haud
715 3355 767 3404 mi·
851 3345 927 3422 dn'qe'
939 3350 1024 3405 πύλαι
1034 3369 1064 3404 τε
1074 3349 1173 3420 ἔπεισι]
1186 3356 1291 3414 Portus,
1303 3349 1357 3403 τιν’-

197 3465 199 3468 ,
225 3435 298 3483 rum,
314 3421 375 3485 ipsa
388 3421 457 3473 haec
470 3423 615 3475 intervalla
628 3422 765 3488 σταθμῶν
816 3423 879 3486 tur,
894 3425 976 3477 fossis
990 3441 1077 3491 aquae
1089 3425 1256 3476 coercendae
1269 3429 1311 3486 et,
1333 3425 1356 3473 si

226 3505 294 3540 voce
316 3506 363 3554 per
380 3507 522 3543 mensurae
542 3493 765 3558 significationem
815 3509 879 3545 usus
895 3497 1065 3560 requirebat,
1091 3493 1254 3545 emittendae
1271 3509 1357 3544 consa

226 3556 374 3622 declarari,
393 3565 468 3611 utin
487 3562 660 3628 Xenophont.
675 3564 762 3616 Auab.
815 3564 957 3629 adpositas
981 3567 1132 3616 invenimus
1154 3565 1215 3627 ΙΙΙ,
1240 3563 1302 3626 117,
1326 3571 1357 3614 ut

225 3627 248 3690 Ι,
261 3630 286 3691 2,
300 3629 325 3690 b,
338 3629 385 3680 nbi
397 3631 500 3682 consul.
516 3632 688 3697 interpretes.
708 3633 763 3682 No·
814 3633 884 3684 bene
905 3639 1021 3684 annotat
1036 3635 1243 3698 Wesselingius,
1265 3635 1357 3684 citans

226 3703 295 3762 ster,
315 3699 362 3764 qui
374 3706 503 3750 accurate
522 3701 630 3765 singula
649 3703 763 3766 perscri-
814 3703 921 3754 Nahum
937 3705 968 3766 2,
986 3705 1017 3767 6,
1039 3704 1085 3754 ubi
1105 3704 1225 3754 eiusdem
1248 3705 1356 3768 generis

225 3769 295 3832 psit,
324 3767 387 3818 inde
411 3767 468 3818 τῶν
492 3768 628 3834 σταθμῶν
654 3787 764 3822 numero
814 3779 924 3838 portae,
945 3774 994 3825 sed
1015 3773 1086 3824 idem
1101 3789 1228 3836 monens,
1250 3777 1355 3838 portas,

225 3852 329 3902 semper
344 3839 427 3888 etiarn
444 3838 551 3890 addidit
566 3855 703 3891 numerum
718 3857 764 3906 pa·
816 3859 885 3908 quae
901 3844 926 3892 b.
937 3843 953 3892 l.
965 3847 1217 3904 commemorantur,
1231 3843 1259 3890 in
1273 3849 1357 3908 ponte

225 3923 421 3974 rasaugarunr,
447 3923 514 3972 quos
538 3909 654 3974 triginta
675 3911 765 3961 stadia
815 3913 892 3963 fluvii
909 3912 1014 3977 Halyes
1032 3914 1131 3976 inisse,
1152 3913 1224 3978 quod
1240 3928 1293 3962 nou
1312 3911 1356 3962 lu-

225 3977 309 4029 terme
322 3993 454 4044 aequasse
467 3993 549 4043 supra
565 3979 599 4029 ad
611 3979 681 4042 ll,d
697 3980 765 4032 vidi·
815 3983 885 4048 gerit
897 3981 1025 4034 Boclrart.
1045 3983 1073 4032 in
1086 3981 1163 4032 l‘bal.
1178 3981 1230 4044 IV,
1246 3981 1286 4035 lli.
1315 3982 1356 4032 Δο

225 4062 297 4109 muer
322 4049 420 4099 etenim
436 4048 580 4099 intervalla
597 4049 763 4114 singulorum
814 4066 880 4102 sanc
894 4051 938 4102 hic
952 4052 1067 4116 intelligi
1079 4052 1179 4101 debent
1193 4057 1304 4117 portae,
1327 4051 1355 4100 iu

224 4115 360 4180 σταθμῶν
380 4133 435 4169 non
453 4133 564 4183 prorsus
582 4122 660 4184 paria
677 4126 762 4182 eruut,
815 4121 877 4184 ipsa
897 4125 971 4172 terra
992 4121 1065 4171 baud
1086 4121 1168 4172 dubie
1190 4121 1224 4172 ad
1245 4127 1355 4185 pontem

224 4185 271 4234 sed
286 4201 334 4250 pro
354 4187 472 4238 locorum
489 4193 587 4238 nature
604 4189 763 4240 variabant:
815 4190 858 4240 vel
872 4205 903 4239 so
924 4195 997 4241 certe
1013 4191 1088 4254 loco,
1108 4207 1162 4257 quo
1179 4207 1226 4256 per
1241 4191 1355 4240 fluvium

224 4253 291 4303 adeo
303 4261 334 4304 ut
348 4273 416 4322 opus
428 4263 501 4308 esset
512 4260 668 4310 accuratius
681 4261 763 4310 inter·
814 4259 897 4310 tiebat
914 4263 1062 4324 transitus,
1088 4267 1246 4312 exstructas
1267 4261 1355 4310 muni-

222 4321 296 4372 ralln
313 4339 360 4387 per
379 4341 594 4392 par-ssangarum
611 4343 762 4380 mensurum
814 4331 897 4378 menti
911 4329 971 4380 loco
982 4331 1016 4380 sd
1028 4331 1120 4381 hostes
1130 4332 1277 4393 arcendos,
1293 4345 1356 4381 curn

220 4390 313 4444 Persis
326 4394 435 4445 solitam
450 4397 578 4450 indicare.
813 4397 876 4448 olim
895 4398 940 4450 bie
954 4406 1045 4452 essent
1056 4401 1138 4468 Lydii
1154 4417 1186 4453 sc
1196 4401 1296 4452 Medici
1314 4415 1355 4452 rs-

286 4603 332 4614 Δ
