3038 4994
561 357 738 422 ERATO.
762 360 815 421 VI.
840 367 883 423 56.
905 365 948 421 57.
1258 357 1320 424 297

189 539 415 624 σπονδαρχίας
435 530 523 630 εἶναι
542 532 688 616 τούτων,
710 535 765 604 καί
779 538 846 603 τοῖν
865 533 1042 603 τυθέντων
1059 532 1263 623 [προβάτων]
1282 533 1322 606 τά

189 642 347 728 δέρματα.
381 645 560 726 νεομηνίας
580 637 617 707 δὲ
631 634 696 707 άνά
711 637 818 718 πάσας
837 639 891 708 καί
909 636 1052 726 ἑβδόμας
1067 641 1246 727 ἱσταμένου
1261 646 1321 710 τοῦ

187 741 290 832 μηνός
301 747 458 812 δίδοσθαι
470 745 506 810 ἐκ
516 746 578 810 τοῦ
589 723 752 830 δημόσίου
761 741 870 831 ίρήίον
879 743 993 811 τέλεον
1003 735 1147 836 ἑκαάέρμ
1159 745 1191 822 ἐς
1201 739 1319 813 Ἀπόλ-

188 855 310 932 tovos,
329 846 385 914 καὶ
400 847 564 934 μέδιμνον
581 841 733 933 ἀλφίτων
747 846 803 914 καί
823 854 919 914 οίνου
933 844 1094 936 τετάρτην
1108 845 1320 935 Λακωνικὴν,

186 1011 294 1076 lentur,
313 1017 344 1062 ut
361 1016 435 1063 reete
450 1016 543 1062 monet
554 1011 585 1063 0.
600 1011 633 1062 0.
647 1009 732 1063 Muel·
780 1015 908 1073 mactent,
916 1011 1035 1078 itemque
1044 1012 1321 1064 tarinaemedImnum

186 1082 235 1134 ler.
248 1084 315 1134 Dor.
326 1083 362 1132 11.
376 1098 403 1148 p.
415 1079 463 1132 100
478 1080 539 1132 coll.
555 1081 620 1145 190,
634 1083 681 1146 qni
695 1082 732 1132 ci·
780 1081 874 1132 etvini
885 1083 1053 1147 quartarium
1064 1083 1237 1134 Laconicum.
1258 1081 1320 1132 Vid.

188 1151 730 1204 milecretencinminstitutumoomrne-
780 1150 809 1201 G.
824 1151 856 1204 Ο.
870 1151 992 1204 Mueller.
1012 1151 1029 1202 1.
1046 1151 1064 1204 1.
1082 1154 1120 1206 11.
1156 1152 1237 1204 .100.
1270 1153 1319 1203 Gr.

189 1225 292 1284 morat,
312 1235 412 1286 exque
430 1221 604 1286 magistratui
616 1235 730 1282 enmmo,
779 1220 814 1298 cd
824 1235 906 1272 vocer
917 1205 1038 1286 ἑβδόμας
1048 1168 1199 1284 ίοταμόνου
1208 1218 1260 1271 τοῦ
1268 1235 1321 1286 μη-

189 1293 236 1358 qui
248 1291 361 1355 aderat,
382 1298 500 1356 quattuor
515 1292 653 1356 portiones
667 1295 730 1341 eunt
780 1303 831 1346 νος
840 1288 907 1355 (qua
917 1289 1054 1342 locutione
1064 1291 1179 1357 primam
1188 1291 1321 1356 cuiusque

188 1362 348 1413 attributae.
367 1355 401 1409 cd
413 1355 507 1410 πάντα
520 1375 574 1411 non
591 1359 672 1410 aliter·
686 1376 731 1410 ac·
779 1361 880 1411 mencio
892 1366 1010 1424 partem,
1029 1360 1122 1412 decem
1134 1361 1191 1412 dier
1204 1358 1321 1426 eomple-

189 1431 344 1496 cipiendum
360 1435 444 1496 atque
455 1431 478 1484 1.
492 1430 536 1484 50.
550 1431 599 1491 IV,
612 1429 664 1492 88,
683 1429 730 1480 ubi
779 1434 906 1491 cientem,
916 1429 1062 1494 significari
1073 1435 1196 1492 constat,
1209 1434 1240 1481 nt
1249 1431 1322 1481 inlra

189 1501 246 1553 vid.
257 1505 326 1551 nott.
353 1500 401 1551 Sio
413 1499 494 1566 paulo
505 1500 621 1550 inseriae
630 1494 730 1563 διπλαῖ·
779 1499 828 1560 VI,
844 1497 906 1554 10ος
926 1499 979 1550 vid.
993 1497 1024 1554 0.
1037 1501 1070 1549 F.
1082 1501 1235 1550 Hermann:
1254 1500 1321 1550 Got-

190 1583 237 1620 σια
261 1562 377 1618 πάντα
398 1573 480 1636 atque
500 1560 530 1618 ἐν
550 1571 624 1618 τοῖσι
643 1560 730 1632 ἄνοδοι
780 1566 931 1618 teedienetl.
950 1568 1133 1621 Alterthiimer
1157 1573 1180 1632 5.
1200 1570 1242 1620 45.
1262 1573 1319 1621 not.

189 1637 289 1701 πᾶσι,
303 1639 319 1689 1.
335 1653 359 1690 e.
373 1639 400 1689 in
409 1643 485 1690 omnis
492 1641 594 1705 pererio
607 1639 732 1689 certami-
782 1637 826 1703 12)
836 1637 955 1688 conferri
964 1637 1171 1690 vultPlutarch.
1180 1639 1319 1703 Sympoee.

190 1710 280 1762 nibua.
315 1709 417 1774 Attigit
435 1723 543 1774 quoqne
559 1708 678 1761 Boeckh.
701 1709 730 1758 iu
782 1708 894 1769 Quaeet.
903 1707 982 1767 VIII,
994 1708 1016 1758 1.
1025 1709 1050 1757 2.
1061 1724 1124 1774 pag.
1134 1707 1186 1760 958
1196 1710 1283 1772 Wytt.
1294 1711 1322 1758 et

190 1779 272 1844 Oorp.
286 1777 551 1843 1nccripttGraecc.
563 1778 586 1830 1.
597 1791 659 1843 pag.
669 1777 730 1838 022,
780 1776 911 1828 Valcken.
925 1776 958 1826 de
968 1777 1116 1829 Aristobul.
1128 1777 1231 1828 Iudaeo
1244 1781 1269 1841 ξ.
1277 1775 1321 1828 31.

193 1849 254 1900 coll.
269 1849 342 1898 Roec
354 1849 496 1913 lneeriptt.
510 1863 572 1913 pag.
586 1846 647 1899 289.
679 1849 731 1898 Pro
781 1861 844 1911 pag.
857 1845 966 1897 13-10.
989 1843 1083 1896 τέλεον
1095 1839 1191 1912 loiron
1201 1846 1264 1912 quid
1274 1847 1322 1908 eit,

173 1918 262 1983 ·vulg.
293 1909 476 1982 δαιτυμόνεσι
511 1933 572 1968 eum
602 1915 729 1968 Dindorf.
782 1917 937 1966 notavimus
951 1917 985 1965 ad
1004 1916 1105 1977 Ι,183.
1137 1915 1322 1968 Addssnobel

189 1987 353 2040 Commeutt.
374 1989 407 2038 de
430 1987 493 2039 dial.
514 1986 645 2038 Herodot.
669 2001 730 2052 pag.
782 1985 817 2035 ed
829 1985 1090 2048 Levitic.XXII,17.
1100 1985 1227 2052 pugnet.
1251 1987 1321 2036 Scri-

69 2127 77 2142 ·
188 2058 253 2108 XIV
273 2061 301 2106 et
319 2057 435 2107 Bredov.
455 2071 517 2122 pap.
532 2058 585 2108 254
604 2055 733 2120 rescripsi
781 2055 824 2118 pai
841 2049 936 2102 τέλεον
957 2069 1005 2118 pro
1025 2055 1098 2120 vulg.
1116 2049 1239 2113 τέλειον,
1260 2069 1321 2106 oum

189 2118 350 2189 δαιτυμόσι,
361 2129 391 2178 ut
399 2127 446 2190 lv,
458 2127 491 2178 43
503 2124 575 2190 μησί
579 2143 586 2175 =
604 2141 673 2192 quae
686 2126 733 2176 da·
781 2123 850 2174 haec
865 2123 955 2173 forma
969 2123 1004 2172 ab
1017 2123 1156 2175 Herodoto
1172 2123 1321 2188 alienauit,

183 2193 243 2245 'tivi
260 2193 348 2246 torma
366 2197 602 2248 vereHcrodotea
618 2209 678 2247 eece
694 2195 735 2247 vi·
782 2192 897 2243 docente
914 2191 1029 2242 Bredov.
1051 2210 1078 2258 p.
1097 2195 1154 2244 155.
1184 2193 1322 2243 Internu-

191 2265 279 2315 detur.
311 2263 380 2314 Sunt
401 2271 493 2316 antem
514 2259 544 2314 οί
563 2258 732 2328 δαιτυμόνες
783 2263 857 2312 mina
874 2278 891 2312 a
911 2262 1031 2313 Doribue
1051 2261 1126 2313 culta
1148 2263 1322 2328 praecipuum

190 2335 463 2398 conuiuae,ut1,73.
481 2335 538 2386 119.
555 2335 594 2397 ΙΙ,
611 2333 733 2395 172111,
781 2331 903 2395 adeoque
930 2332 1086 2396 primarium
1118 2331 1210 2384 locum
1236 2331 1323 2382 lutere

193 2406 251 2455 172.
289 2403 330 2454 De
353 2412 420 2455 voce
442 2395 572 2468 ἑκάτερος
588 2405 680 2454 monui
697 2403 732 2453 ad
782 2403 895 2464 Apollini
907 2416 985 2452 nemo
997 2401 1098 2463 nescit,
1111 2403 1188 2452 cuiue
1202 2399 1323 2452 eiusdem

190 2474 243 2536 111,
252 2471 279 2525 8.
302 2470 497 2538 σπονδαρχίας
506 2474 616 2538 regibne
627 2474 733 2537 tribuit,
781 2485 860 2521 sacra
881 2469 943 2522 hine
965 2486 1138 2535 peromnem
1163 2471 1220 2521 lere
1236 2471 1323 2520 Laco·

192 2543 237 2608 qui
252 2541 414 2594 inomnibuc
427 2543 562 2594 conviviis
573 2544 653 2608 primi
664 2543 733 2593 liba·
782 2541 870 2591 nicam
893 2544 1061 2606 propagata,
1088 2545 1118 2591 ut
1136 2539 1259 2605 pluribne
1278 2539 1323 2590 de-

192 2614 296 2662 tionem
311 2611 417 2662 facient
435 2629 457 2664 c.
472 2613 619 2664 libationes
641 2614 733 2678 auepi-
782 2611 947 2661 monstravit
961 2609 1031 2662 idem
1045 2611 1075 2662 0.
1091 2610 1123 2661 0.
1138 2609 1260 2662 Mueller.
1273 2607 1290 2658 1.
1304 2608 1321 2660 1.

192 2686 295 2734 centur.
327 2681 394 2732 Poat
409 2683 493 2733 verbe
510 2679 567 2731 τοῖν
585 2679 732 2731 τυθέντων
782 2682 805 2732 1.
820 2695 881 2745 pag.
896 2680 956 2730 249.
990 2681 1066 2742 Quod
1085 2695 1150 2730 vero
1168 2673 1197 2729 ἐκ
1210 2675 1262 2728 τοῦ
1273 2673 1323 2742 δη-

190 2767 260 2818 quae
283 2750 366 2816 vulgo
391 2752 494 2803 ineerta
517 2753 654 2802 invenitur
678 2767 732 2804 vox
781 2748 900 2814 μοσιόυ,
925 2748 952 2798 id
974 2755 1016 2800 eet
1032 2749 1191 2812 erepublica,
1212 2749 1325 2799 victime

192 2811 357 2884 προβάτων,
379 2837 439 2872 earn
452 2837 513 2872 cunr
526 2821 667 2872 Dictechio
684 2837 733 2872 un·
783 2819 928 2885 praebetur
944 2819 1001 2884 regi
1018 2819 1164 2870 mactanda
1180 2821 1208 2870 in
1220 2817 1325 2882 Apolli-

192 2891 232 2941 cie
246 2889 359 2950 inclusi,
382 2907 443 2942 euru
462 2907 479 2941 a
491 2891 650 2941 Florentino
663 2891 734 2941 libro

193 2975 225 3010 ae
244 2960 380 3011 Paricinie
398 2961 538 3012 codicibus
559 2960 633 3012 absit
655 2965 683 3010 et
698 2961 734 3011 ad

93 3082 102 3096 ‚
192 3029 356 3080 sententiam
370 3031 416 3080 vix
428 3031 585 3080 necessaria
599 3030 734 3082 videatur.

192 3098 272 3162 Quod
287 3114 351 3148 vero
370 3101 543 3150 victimarum
564 3098 648 3164 pellea
663 3101 735 3150 inter

191 3183 283 3233 regum
295 3168 400 3220 reditun
412 3169 439 3220 h.
451 3168 469 3222 l.
480 3174 735 3232 commemorentur,

192 3238 221 3289 id
236 3252 267 3288 eo
286 3239 383 3302 opinor
400 3242 524 3303 spectat,
542 3239 613 3302 quod
631 3238 693 3288 aliie
707 3239 736 3289 in

192 3307 352 3358 civitatibue
366 3307 450 3371 pellor
469 3308 503 3357 ad
521 3307 678 3358 cacerdotee
693 3323 734 3358 rc·

193 3377 304 3438 dibant,
319 3377 434 3428 Athenio
445 3377 515 3426 adeo
528 3377 599 3426 inter
610 3377 733 3440 publicos

194 3447 299 3498 reditun
313 3445 430 3496 retertur
439 3437 471 3494 τό
481 3440 660 3507 properando,
676 3448 695 3499 i.
710 3463 733 3498 e.

192 3516 310 3582 pecunia
323 3531 370 3579 pro
385 3515 502 3580 pellibus
517 3515 691 3566 victimarum
705 3517 734 3565 in

192 3585 271 3636 sertia
289 3585 406 3651 publicis
428 3589 610 3637 mactatarum
631 3586 734 3637 eoluta:

193 3653 226 3705 de
256 3671 309 3720 qua
338 3671 368 3707 re
397 3655 453 3707 vid.
486 3656 566 3720 corp.
592 3657 733 3720 Inscriptt.

193 3725 340 3776 Graecei.
356 3741 397 3775 nr.
410 3725 467 3778 157.
481 3742 508 3790 p.
522 3725 573 3778 250
586 3725 647 3777 coll.
663 3727 735 3776 Ran-

193 3793 275 3860 gabd:
299 3793 458 3860 Antiquitls
479 3795 587 3847 Hellen.
612 3811 653 3848 nr.
671 3795 732 3846 810.

193 3863 244 3913 842
265 3861 312 3927 (Τ.
330 3864 367 3914 11.
380 3880 406 3930 p.
422 3865 482 3916 440.
496 3865 575 3932 not),
598 3864 735 3916 Boeckh.:

193 3932 386 3984 Staatehauch.
401 3934 426 3988 d.
440 3933 503 3984 Ath.
519 3936 541 3986 I.
559 3951 583 3999 p.
597 3935 657 3986 207.
673 3935 733 3987 450.

192 4002 303 4122 5112341.
320 4019 345 4068 p.
362 4003 410 4056 112
423 4019 499 4070 reqq.
521 4003 570 4055 120
582 4019 656 4070 eeqq.
675 4004 734 4056 134.

228 4137 384 4204 νεομηνίας
397 4138 427 4190 δὲ
442 4132 499 4191 άνά
513 4135 605 4196 πάσας
618 4154 644 4192 ιι.
660 4154 683 4189 τ.
697 4138 732 4204 1.]

784 2891 826 2940 uie
839 2889 982 2948 honorem,
996 2887 1121 2954 publicos
1132 2903 1213 2954 agree
1227 2891 1254 2937 et
1265 2902 1325 2950 gre·

783 2975 831 3024 ges
839 2958 1035 3023 Spartanorum
1045 2959 1186 3009 civitatem
1196 2957 1325 3008 habuiece

783 3032 859 3078 recte
873 3029 936 3080 iude
949 3027 1056 3090 colligit
1067 3027 1137 3079 idem
1151 3029 1181 3078 0.
1194 3027 1226 3076 Ο.
1240 3025 1326 3078 Muel-

784 3099 837 3149 ler:
856 3098 909 3147 Die
920 3099 986 3151 Dor.
999 3099 1036 3148 11.
1049 3113 1076 3160 p.
1093 3097 1156 3161 190,
1172 3097 1201 3146 id
1216 3110 1324 3162 quoque

784 3167 930 3230 anticione,
950 3165 999 3216 hoe
1016 3167 1130 3230 publicar
1147 3166 1244 3216 fundos
1255 3165 1324 3216 bene

785 3237 903 3287 discerni
915 3252 931 3285 a
943 3235 1035 3286 fundie
1048 3239 1134 3300 replis,
1148 3236 1194 3301 qui
1204 3236 1240 3286 ad
1249 3235 1324 3299 ipaoe

783 3321 862 3370 reges
892 3305 1063 3368 pertinebant
1101 3306 1189 3370 iisque
1221 3305 1325 3356 vietum

783 3374 967 3440 praebebant:
986 3375 1058 3438 quod
1072 3376 1120 3424 vix
1134 3375 1204 3424 satie
1217 3389 1325 3439 perape-

783 3445 858 3494 xiece
876 3443 986 3494 videtur
997 3443 1170 3494 Lachmann:
1195 3445 1325 3509 Spartan.

784 3512 949 3565 Staatcveri.
967 3529 1029 3577 pag.
1051 3513 1114 3576 110,
1135 3505 1166 3562 τό
1184 3504 1325 3577 δημόσιον

784 3583 843 3634 1ι.1.
860 3581 930 3632 idern
944 3582 1098 3647 significare
1110 3583 1271 3634 existimans
1285 3586 1325 3633 at-

785 3667 837 3719 que
850 3646 881 3700 τό
892 3647 1006 3715 τέμενος
1019 3653 1078 3703 eive
1090 3651 1189 3704 lundon
1202 3651 1326 3718 publicos

785 3723 909 3773 civitatis
920 3723 978 3787 regi
987 3723 1014 3772 in
1023 3737 1102 3772 usum
1112 3737 1267 3788 eonpeeaor.
1283 3723 1325 3773 De

784 3792 828 3842 hic
845 3791 882 3843 ci.
900 3796 969 3842 nott.
990 3791 1025 3842 ad
1046 3792 1099 3856 IV,
1120 3791 1179 3844 161.
1216 3792 1262 3842 En
1278 3809 1326 3856 pu·

784 3861 849 3912 blico
870 3877 976 3927 quoque
1000 3867 1132 3927 parantur
1154 3860 1250 3926 epulae
1272 3861 1326 3926 Py·

785 3931 852 3981 thiia
879 3947 935 3983 uua
964 3947 1024 3982 oum
1049 3932 1177 3997 regibus,
1206 3935 1238 3980 nt
1264 3945 1326 3980 mox

784 4003 885 4052 Νοτίου
899 4002 1026 4067 prodidit.
1050 4001 1112 4054 vid.
1124 3999 1196 4051 inira
1207 4003 1276 4050 nott.
1289 3999 1325 4049 ad

784 4071 832 4135 VI,
848 4071 891 4124 59.

820 4135 869 4189 καί
884 4139 967 4190 οίνου
987 4131 1122 4202 τετάρτην
1139 4126 1324 4201 Λακωνικὴν]

192 4209 296 4260 Mancia
310 4211 441 4276 cuiusque
456 4211 535 4276 (haec
547 4214 589 4262 eet
601 4208 735 4259 Herodoti
785 4209 1006 4275 Schweighaeua.
1018 4211 1047 4260 in
1056 4209 1122 4260 Lex.
1135 4205 1237 4256 Herod.
1248 4205 1285 4256 11.
1297 4221 1324 4271 p.

194 4279 344 4345 sententia)
360 4280 403 4331 die
415 4283 501 4345 primo
514 4297 547 4331 ac
563 4280 679 4344 septimo
692 4295 734 4329 re·
784 4279 836 4330 320
851 4279 970 4345 suppleri
983 4279 1043 4331 vult
1057 4278 1162 4340 μοῖραν
1178 4289 1200 4326 e.
1214 4273 1325 4342 μερίδα,

193 4365 241 4414 geu
260 4365 293 4399 ex
312 4349 420 4400 aerario
437 4351 574 4401 victimam
594 4349 734 4414 accipiunt
783 4349 824 4399 ita
839 4353 979 4414 utquarte
993 4365 1057 4414 pare
1073 4359 1215 4396 mensurae
1234 4347 1326 4398 cuiue·

192 4419 343 4485 integram,
367 4433 447 4485 qnam
466 4421 494 4470 in
511 4418 645 4486 Apollinis
667 4417 734 4470 cede
784 4418 847 4470 dam
868 4419 1011 4471 fluidorum
1032 4415 1210 4484 intelligatur.
1249 4417 1326 4481 Quae
