3062 4986
517 369 787 436 POLYMNIA.
810 369 883 436 VII.
905 385 932 440 8.
954 387 1011 433 1-3.

1268 375 1330 442 449

195 571 259 616 σαν
272 547 312 617 τά
325 575 361 618 τε
377 545 478 617 ἀλσεα
499 550 555 618 καὶ
570 546 610 616 τά
625 547 698 637 ίρᾶ,
714 550 856 638 δεύτερα
871 549 909 619 δέ
924 545 1025 639 ἡμέας
1039 544 1092 620 οἷα
1106 553 1206 639 ἔρξαν
1220 554 1253 632 ές
1267 551 1329 642 τὴν

195 655 361 741 σφετέρην
381 649 587 740 ἀποβάντας,
606 648 661 720 ὅτε
674 657 779 734 Δᾶτίς
800 681 835 722 τε
857 656 911 722 καὶ
931 652 1155 743 Ἀρταφέρνης
1170 657 1325 744 ἐστρατή-

196 775 292 842 γεον,
314 753 355 824 τό
369 759 555 825 ἐπίστασθέ
567 781 629 824 κου
643 753 774 837 πάντες.
819 757 954 827 Τούτων
967 759 1079 845 μέντοι
1095 761 1208 827 εἵνεκα
1222 756 1325 847 ἀνάρ-
1345 774 1361 825 3

195 885 295 947 τημαι
316 857 368 928 έτι’
387 855 509 937 αὐτοὺς
523 859 776 946 στρατεύεσθαι.
810 857 924 947 ἀγαθοὶ
946 861 984 930 δὲ
1004 863 1041 929 έν
1057 857 1186 930 αότοίσι
1206 861 1326 930 τοσοίδε

195 959 385 1047 ἀνευρίσκω
407 962 631 1050 λογιζόμενος·
661 969 691 1032 εί
706 963 843 1043 τούτους
862 990 899 1032 τε
920 967 976 1033 καὶ
990 961 1067 1045 τούς
1080 965 1225 1034 τούτοισι
1240 975 1324 1054 πίη-

195 1065 376 1155 σιοχόρους
398 1067 716 1154 καταστρεψόμεθα,
736 1074 770 1136 οἳ
781 1070 933 1148 Πέλοπος
950 1073 1010 1136 τοῦ
1024 1065 1157 1155 Φρυγὸς
1171 1071 1327 1156 νέμονται

194 1169 323 1257 χώρην,
349 1174 413 1258 γῆν
434 1167 494 1257 τὴν
516 1174 668 1257 Περσίδα
691 1167 896 1258 ἀποδέξομεν
921 1175 969 1264 τῷ
988 1169 1071 1250 Διὸς
1093 1176 1205 1260 αἰθέρι
1225 1169 1325 1260 ὁμον-

195 1276 355 1359 ρέουσαν·
391 1270 431 1342 ου’
457 1270 521 1360 γὰρ
541 1272 583 1361 δη
608 1271 720 1362 χώρην
742 1260 791 1360 με’
808 1271 971 1362 οὐδεμίαν
993 1273 1171 1357 κατόψεται
1197 1269 1328 1364 diffisos

193 1430 736 1506 ἀδικεόμενοι),Ηείείτίοτόττισταμένῳ.

194 1508 272 1570 Quod
295 1515 419 1559 neutrum
437 1508 500 1558 huic
520 1507 580 1558 loco
597 1512 734 1573 convenit,

195 1579 221 1626 irr
230 1593 284 1642 quc
299 1579 410 1628 verbum
421 1571 591 1641 desudemus
602 1581 737 1630 satiatae·

194 1651 239 1696 tur
249 1647 401 1698 verbositas
414 1647 461 1696 iila
472 1649 499 1696 iu
505 1648 639 1698 Herodoti
648 1649 736 1700 Musis

193 1717 313 1768 crebrius
326 1715 414 1776 obvia,
433 1717 612 1782 etpeeuiisris
627 1717 735 1767 illeHe-

193 1787 321 1836 rodoteae
342 1789 473 1838 orationis
494 1787 570 1837 colos
588 1793 671 1852 atque
687 1787 734 1837 hs-

192 1856 274 1907 bitus.
310 1858 370 1906 Non
389 1872 498 1921 prorsus
515 1859 655 1921 congruit,
676 1859 733 1922 opi-

192 1941 250 1986 nor,
272 1927 344 1990 quod
367 1925 529 1991 wesseling.
554 1927 660 1976 confert
684 1927 731 1990 VI,

192 1995 235 2058 30,
252 1995 298 2045 nbi
308 1985 386 2058 ἀχθη
401 1988 547 2060 ἀγόμενος.
570 1997 611 2045 Tu
622 1996 678 2046 vid.
694 1995 732 2044 ibi

191 2069 297 2116 notata.
326 2065 364 2115 Ut
383 2066 418 2114 ad
435 2071 558 2116 nostrum
574 2063 733 2115 Iocumred-

192 2149 261 2196 eam,
276 2137 455 2186 incestantum
466 2151 498 2186 sc
508 2135 652 2198 tempiahic
661 2150 733 2184 eom·

192 2209 323 2253 memorat
343 2205 460 2264 Xerxes,
483 2206 591 2255 omissis
611 2204 730 2260 ,aeditus

191 2275 326 2339 privatis,
351 2289 422 2339 quae
434 2275 462 2323 in
473 2274 524 2325 hac
537 2275 651 2324 formula
663 2274 732 2325 alias

191 2343 255 2393 addi
268 2343 364 2393 solent.
392 2343 453 2394 Vid.
467 2349 538 2397 nott.
558 2344 593 2394 ad
607 2345 654 2406 VI,
671 2345 688 2396 9
704 2348 732 2394 et

191 2413 224 2464 de
244 2412 374 2464 Sardibus
394 2414 482 2479 captis
506 2420 590 2480 atque
612 2415 732 2465 incensis

217 2520 312 2616 ’ἡμέας
330 2543 377 2630 cipe
397 2544 493 2616 ἔρξαν]
522 2551 593 2602 Male
616 2553 643 2601 in
663 2551 732 2602 San-

190 2623 273 2672 croiti
283 2621 342 2674 cod.
354 2617 451 2686 υμέας,
467 2621 730 2688 quodreiiquicodd.

81 2703 85 2714 ·
190 2691 337 2744 Herodotei
356 2692 475 2756 itemque
490 2691 616 2755 Dionysii
635 2707 731 2757 respu-

191 2767 249 2825 unt,
279 2763 307 2813 ui
320 2762 388 2812 bene
402 2760 470 2811 haee
484 2762 522 2810 its
534 2761 638 2812 reddit:
656 2753 731 2826 ἡμᾶς

190 2823 238 2878 σία
252 2778 374 2894 έδρασαν
394 2825 434 2887 είς
452 2824 505 2895 τὴν
523 2829 577 2894 μην
597 2823 650 2894 τὴν
665 2845 729 2894 σφε-

189 2895 273 2960 τέραν
284 2893 443 2965 ἀποβάντες
458 2927 492 2937 -
505 2890 659 2950 ἐπίστασθέ
673 2915 730 2950 που

189 2964 302 3026 πάντες.
325 2969 404 3019 Unde
418 2969 730 3034 inipsoHerodotcVai-

190 3039 269 3089 cisen.
290 3038 404 3088 rescribi
422 3038 482 3088 vuit
498 3030 526 3094 ές
540 3031 592 3102 τὴν
611 3037 665 3104 γῆν
677 3033 731 3104 τὴν

190 3102 337 3172 σφετέρην,
358 3107 475 3171 itemque
483 3109 547 3156 eiici
557 3109 684 3159 voculam
696 3102 729 3157 τά

190 3183 253 3226 ante
269 3169 430 3238 ἐπίστασθε,
446 3177 516 3240 quod
529 3177 616 3240 ipsum
627 3178 730 3229 arctius

189 3263 250 3297 eum
269 3243 494 3296 antecedentibus
513 3240 561 3294 οία
579 3239 664 3308 ἔρξαν
685 3263 730 3297 co·

190 3317 309 3367 haerent.
343 3313 475 3379 Equidem
490 3329 508 3362 a
526 3313 603 3366 libris
618 3317 729 3381 scriptis

189 3386 234 3437 hie
246 3391 321 3437 stare
333 3384 424 3434 malui.

421 3560 445 3621 ἓ.
465 3557 490 3610 d.

222 3653 394 3728 ἀνάρτημαι]
410 3661 730 3726 Dionysiusinterpreta-

188 3736 233 3782 tur
245 3723 424 3794 ἀνώρμημαι,
433 3731 597 3783 Larcberus:
615 3731 690 3780 VoiId
699 3745 728 3781 ee

188 3803 231 3866 qni
241 3801 271 3848 m'
285 3803 374 3851 anone.
398 3801 440 3850 'I'u
452 3801 506 3850 vid.
520 3807 589 3851 nott.
603 3800 638 3850 sd
648 3801 670 3858 1.
683 3799 727 3852 90.

188 3869 235 3932 VI,
248 3868 282 3920 88
294 3873 322 3918 et
334 3868 408 3920 coni.
422 3885 527 3936 qnoque
537 3871 649 3921 Bredov.
665 3885 726 3936 pag.

188 3939 248 4000 292,
261 3938 308 4003 qui
321 3931 492 4002 ἀνάρτημαι,
503 3942 573 4004 qnod
582 3946 727 4005 augmento

187 4007 313 4072 neglecto
327 4007 362 4057 ab
379 4009 503 4058 omnibns
516 4007 594 4060 libris
616 4012 727 4074 seriptIs

187 4077 341 4142 profertur,
362 4077 468 4142 abipso
484 4079 622 4128 Herodoto
638 4079 729 4143 proia-

187 4151 261 4196 ctum
273 4145 468 4198 rectcindicst.
485 4149 517 4196 In
530 4162 602 4226 seqq.
618 4139 728 4196 τούτων

187 4215 250 4267 dedi
262 4233 310 4281 pro
323 4214 445 4265 τουτέων
457 4220 485 4266 et
495 4207 599 4273 αὐτους
614 4231 663 4282 pro
675 4209 724 4266 αδ-

187 4284 283 4350 τέους,
302 4285 374 4351 quod
388 4285 458 4336 idem
472 4285 576 4337 iecerat
587 4286 724 4340 Gaisiord.

187 4357 241 4420 Qui
254 4373 302 4407 cur
314 4357 375 4405 ideo
385 4357 586 4408 inconstantiae
597 4359 633 4406 sit
646 4371 725 4408 seeu-

186 4427 297 4488 sendus,
317 4430 348 4476 ut
360 4425 455 4492 Steger
469 4427 537 4476 saeit
553 4428 673 4478 Praeist.
689 4427 724 4477 ed

220 4531 386 4576 HERODO'I'.
410 4533 459 4574 111.

787 1440 888 1490 Herod.
904 1455 931 1504 p.
941 1440 1023 1502 VIII,
1043 1439 1168 1505 equidem
1181 1456 1235 1491 non
1249 1442 1326 1491 intei-

787 1509 849 1575 ligo.
879 1509 988 1560 Bekiser
1002 1524 1108 1574 quoque
1120 1509 1195 1560 dedit
1209 1501 1324 1574 αὐτοῦς,

787 1580 834 1630 sed
848 1579 928 1644 paulo
942 1585 1005 1629 ante
1018 1579 1132 1628 retinuit
1144 1575 1283 1642 τουτέων,
1299 1586 1327 1630 et

786 1664 834 1714 pro
859 1644 955 1713 μέντοι
977 1647 1090 1699 rescribi
1112 1647 1170 1696 vult
1196 1643 1247 1710 μὲν
1270 1645 1324 1714 δή,

785 1718 887 1768 Probet
896 1711 1014 1774 αδτέους
1030 1733 1047 1766 a
1059 1717 1171 1782 Stegero
1183 1717 1271 1768 denuc
1285 1733 1326 1768 re·

784 1793 891 1852 ceptum
913 1801 1010 1837 censor
1028 1787 1180 1851 Lipsiensis
1196 1789 1326 1854 (Ergttua.

784 1857 869 1908 Bitttt.
886 1857 958 1908 18:33.
976 1872 1002 1922 p.
1018 1854 1074 1920 43).

822 1924 875 1991 γῆν
889 1920 941 1990 τὴν
953 1923 1080 1990 Περσίδα
1094 1915 1271 1988 ἀποδέξομεν
1284 1923 1324 1992 τῷ

783 1987 1322 2059 Asdeoidiptdpcvps'oooquDuocodd.

782 2080 842 2115 cum
863 2064 1009 2115 Eustathio
1030 2062 1097 2112 haee
1110 2063 1214 2113 citantc
1232 2064 1267 2114 ad
1284 2065 1322 2114 lI.

781 2149 844 2199 pag.
858 2135 907 2186 707
921 2151 943 2184 s.
954 2133 1014 2195 592,
1027 2133 1058 2183 10
1069 2124 1260 2195 ὁμορέονσαν;
1273 2135 1323 2182 mi·

784 2220 832 2254 nus
845 2204 946 2254 Ionice.
965 2202 1026 2252 Vid.
1035 2201 1151 2251 Bredov.
1162 2217 1188 2265 p.
1203 2201 1252 2252 164
1263 2217 1321 2267 seq.

782 2275 859 2336 Quae
873 2271 970 2324 voouia
987 2286 1048 2321 mox
1068 2272 1168 2320 iterata
1186 2271 1213 2320 in
1229 2272 1319 2322 verbis

783 2333 818 2392 od
831 2336 884 2406 γὰρ
898 2338 934 2407 δὴ
956 2332 1051 2405 χοόρην
1071 2353 1100 2404 γε
1123 2329 1262 2404 οόδεμίην
1273 2356 1321 2389 τια-

782 2407 899 2493 τόψεματ
928 2405 942 2460 ὁ
972 2399 1053 2474 ἥλιος
1076 2400 1321 2473 ὁμουρέουσαν

781 2479 1321 2615 itttff'ttttiiiti„:teithi

781 2638 830 2687 pro
843 2637 875 2672 eo
888 2625 978 2672 exstat
991 2607 1099 2697 dpopqv
1110 2609 1227 2682 έοῦσαν,
1251 2619 1321 2668 unde

780 2691 950 2742 Gaisiordins
960 2690 1063 2753 recepit
1070 2701 1196 2752 ομουρον
1207 2679 1321 2749 έοῦσαν,

781 2761 851 2826 qnod
867 2761 990 2826 equidem
1013 2774 1061 2824 pro
1077 2756 1206 2822 vuigstae
1228 2757 1322 2808 lectio-

781 2832 834 2894 nis,
848 2830 1064 2896 qusmindecum
1074 2827 1236 2890 MatthIseo,
1251 2825 1322 2878 Bek-

779 2900 846 2952 kero
865 2906 892 2951 et
906 2915 976 2950 τετε.
990 2899 1051 2950 edd.
1072 2899 1216 2960 revocavi,
1238 2900 1321 2948 inter·

779 2975 950 3037 pretamento
962 2967 1057 3018 baberi
1070 2965 1171 3017 malim.
1186 2967 1252 3032 Ipsa
1265 2967 1321 3017 He-

779 3042 893 3092 rodotea
909 3039 1003 3098 verba,
1022 3051 1092 3102 quac
1112 3036 1266 3102 respexisse
1278 3038 1321 3086 vi-

779 3110 858 3160 detur
873 3111 1011 3160 Isocrates
1034 3110 1062 3155 in
1074 3107 1209 3172 Panegyr.
1225 3109 1248 3169 §-
1260 3106 1319 3156 179.

780 3194 806 3242 p.
823 3179 871 3230 113
886 3180 986 3228 Baiter.
1001 3175 1196 3240 (σωφρονῇ),
1209 3191 1269 3234 cum
1280 3177 1321 3226 ita

781 3244 1109 3298 reddidiasstLarcherns:
1133 3245 1254 3296 Lesoieat
1268 3249 1321 3295 οἰέ-

780 3317 891 3366 eiairera
903 3323 952 3378 pas
963 3315 996 3364 de
1007 3328 1074 3377 μεμε
1086 3317 1130 3378 ραι·
1141 3329 1173 3364 ne
1189 3329 1253 3366 nous
1267 3325 1320 3367 tou-

778 3385 830 3446 οδε,
843 3384 1322 3450 hancintsrpretationemascripto·

779 3456 817 3504 ris
835 3458 924 3504 mente
945 3452 1089 3502 abhorrere
1113 3452 1217 3502 indicat
1241 3457 1320 3516 Miot,

779 3525 839 3588 ipse
861 3537 921 3572 eum
941 3523 970 3571 in
994 3521 1102 3571 modum
1121 3522 1320 3586 interpretans:

780 3594 818 3642 Le
831 3594 904 3644 soleii
921 3593 1073 3642 τ’ίτίσίτετα
1091 3595 1150 3654 plus
1171 3592 1203 3641 de
1219 3595 1321 3642 contris

777 3665 820 3728 qui
830 3666 878 3714 soit
891 3663 976 3712 uuede
987 3675 1033 3711 αοτ
1041 3660 1185 3724 franderes.
1200 3661 1268 3710 Mihi
1278 3667 1321 3712 ts·

779 3747 839 3784 men
852 3733 939 3798 magis
951 3729 1179 3797 piaestLarcberi
1187 3730 1319 3796 interpre—

779 3804 863 3866 tatio,
891 3806 1020 3868 recteque
1038 3800 1105 3854 baec
1123 3800 1207 3851 verba
1220 3801 1319 3850 Latine

777 3873 818 3924 sic
832 3873 983 3924 reddidisse
1002 3876 1068 3937 puto
1081 3869 1320 3934 Schweighaeuse-

777 3957 849 3993 rum:
876 3957 941 4005 „nse
956 3945 1018 3992 enim
1039 3943 1114 3996 ullam
1131 3942 1206 3991 eiiam
1224 3948 1319 3989 terram

776 4015 816 4063 τοί
826 4014 957 4075 adspiciet,
964 4009 1317 4076 quoeuostraesitfim'cima.“

775 4072 1207 4141 Δδνοοοῐοαίδέριοοοΐ.1,131.
1223 4077 1318 4128 Adar-

777 4155 932 4216 gnmcntum
942 4149 996 4200 1οοί
1006 4149 1075 4200 haec
1086 4147 1230 4198 adnotavit
1239 4147 1317 4196 Wes-

777 4219 921 4285 seiingius:
953 4220 1076 4283 „Xerxis
1099 4215 1235 4268 iactantia
1258 4214 1316 4281 pin·

775 4303 819 4339 res
835 4289 961 4352 incessit,
984 4291 1071 4340 numis
1088 4285 1268 4337 inscribentes
1284 4301 1315 4336 ex

775 4359 863 4409 Poste
874 4359 941 4411 Non
956 4360 1092 4423 sufficit
1104 4355 1201 4414 orbis,
1212 4355 1317 4406 utPhi-

774 4427 863 4493 lippus
879 4429 917 4494 lI,
939 4429 1134 4493 Hispaniarum
1158 4440 1214 4490 rex,
1243 4425 1316 4493 apud

1077 4511 1117 4576 29
