3062 4986
192 365 254 426 194
628 361 895 426 HERODOTI

191 537 292 608 ττό1ιν
313 536 461 626 μεγάλην
475 541 643 624 Φρυγίης,
671 538 768 608 ἐν
727 565 767 626 τη
787 535 898 616 Λύκος
920 535 1066 626 ιτοταμδς
1087 539 1121 618 ἐς
1138 537 1247 626 χύσμα
1266 541 1326 624 γῆς

192 641 366 729 ἐσβάλλων
383 639 595 729 ἀφανίζεται,
622 646 737 710 ἐττειτα
756 638 814 708 διὰ
838 637 1028 710 σταδιμαν
1004 667 1049 721 οις
1069 645 1168 711 ττέντε
1184 639 1326 728 μύλιστύ

190 773 234 834 τιη
249 741 518 833 αυαφαινόμενος
533 747 664 814 ἐκδιδοῖ
682 733 792 812 καὶ
752 771 898 824 οντοςς
865 745 898 822 ἐς
916 741 976 814 τὸν
989 727 1204 832 Μαίανδρον.
1234 746 1272 812 ἐτι
1287 743 1326 811 δὲ

75 879 85 894 „
193 845 420 918 Κο1σσσέαν
405 847 616 937 ορμεύμενος
636 843 653 917 ὁ
674 845 813 936 στρατὸς
834 848 888 916 ἐστὶ
911 845 988 926 τούς
1007 845 1130 936 οὔρους
1150 853 1218 918 τσῐν
1232 855 1324 933 Φρυ-

193 957 264 1041 γοῑυ
283 955 338 1020 καὶ
357 957 426 1021 ordo
439 956 564 1022 Λυδιόν
583 948 723 1020 ἀπίκετο
741 953 776 1031 ἐς
790 950 952 1039 Κύδραρα
967 950 1087 1036 πόλιν,
1115 958 1201 1022 ἔνθα
1222 951 1325 1038 στήλη

194 1067 465 1144 καταπεπηγυῖα,
493 1065 655 1124 σταθεῖσα
683 1055 720 1124 δὲ
746 1050 812 1122 dcci
838 1060 1005 1142 Κροίσου,
1032 1053 1241 1144 καταμηνύει
1268 1052 1325 1122 διὰ

147 1169 183 1232 31
195 1159 398 1248 γραμμάτων
418 1157 496 1239 τούς
516 1155 647 1246 οὔρους.
688 1154 744 1237 Ὡς
766 1157 804 1226 δέ
821 1160 860 1226 ἐτι
881 1163 941 1246 τῆς
961 1165 1113 1247 Φρυγίης
1132 1160 1270 1245 ἐσέβαλε
1292 1159 1325 1236 ἐς

192 1264 255 1353 την
270 1269 418 1351 Λυδίην,
440 1265 631 1351 σχιζομένης
649 1266 706 1350 τῆς
726 1256 824 1347 ὁδοῦ,
852 1262 909 1330 καὶ
927 1266 986 1349 τῆς
1005 1262 1068 1350 μὲν
1084 1265 1122 1342 Q
1146 1258 1325 1348 ἀριστερὴν

192 1370 248 1437 ἐστὶ
262 1373 390 1455 Καρίης
403 1366 588 1456 φερούσης,
613 1369 670 1452 τῆς
688 1366 724 1435 δὲ
735 1367 771 1450 ἐς
785 1363 899 1454 δεξιὴν
915 1367 950 1444 ἐς
963 1364 1108 1455 Σάρδις,
1129 1369 1171 1454 τῇ
1193 1366 1249 1434 καὶ
1260 1389 1323 1432 τιο-

194 1575 301 1622 stantur
315 1569 371 1620 viri
385 1567 473 1631 docti,
496 1567 542 1634 qui
561 1566 615 1632 ipsi
628 1565 677 1618 hac
695 1581 735 1616 re·

193 1643 287 1705 gionee
310 1639 509 1704 perlustrarent
529 1653 563 1686 ac
584 1635 734 1701 descripse-

194 1707 270 1760 rnut':
288 1707 430 1758 Hamilton
444 1705 569 1771 (Journal
584 1706 613 1757 of
622 1721 734 1771 geogra-

193 1778 284 1844 phioal
297 1778 417 1840 Society.
431 1776 492 1826 Vll.
509 1792 536 1840 p.
550 1776 584 1826 60
596 1791 667 1842 seq,
682 1777 734 1826 Re-

195 1847 320 1899 acarchee
338 1848 365 1896 in
380 1847 446 1896 Asin
466 1846 562 1897 minor.
579 1846 601 1894 l.
617 1861 644 1911 p.
658 1845 734 1910 104),

191 1917 347 1970 Ainaworth
360 1915 486 1980 (Travels
502 1916 530 1964 in
549 1915 595 1966 the
608 1915 688 1966 track
704 1914 735 1964 oi

194 1993 246 2038 etc.
268 2003 331 2053 pag.
354 1988 387 2036 15
405 1984 492 2052 seqq.)
516 1990 543 2034 et
563 1985 733 2050 potissimum

192 2058 334 2110 arundell:
347 2056 521 2107 Diacoveriee
534 2057 561 2106 in
571 2056 636 2106 Arria
646 2056 733 2104 minor

195 2129 292 2191 (Lond.
311 2125 398 2189 1831).
421 2127 454 2178 Τ,
474 2125 511 2174 ll.
528 2141 557 2190 p.
577 2125 661 2176 161)-
674 2125 732 2178 1711.

126 2237 128 2240 ,
194 2198 338 2249 Invenitur
352 2197 389 2245 ibi
404 2211 512 2261 quoque
527 2195 625 2245 fluvlus
640 2195 668 2244 in
681 2199 734 2244 tor·

194 2284 242 2317 roe
253 2267 412 2332 voraginem
425 2265 566 2327 delabens,
583 2279 661 2330 quem
676 2263 733 2314 nul-

194 2338 247 2388 lum
260 2337 343 2386 alium
356 2336 411 2384 nisi
422 2337 515 2401 Ιηγοοντ
532 2349 590 2385 osso
604 2335 672 2384 satis
686 2349 732 2398 pa-

194 2411 250 2458 tet:
272 2406 327 2456 vid.
346 2405 488 2455 Hamilton
509 2404 527 2456 1.
550 2403 582 2464 l.;
614 2404 647 2454 de
672 2403 732 2468 ipso

194 2478 284 2542 Lyco,
310 2476 356 2540 qui
382 2491 453 2526 nuuc
473 2479 588 2524 vocatur
609 2472 732 2534 Telorula

196 2550 303 2611 praeter
316 2545 476 2595 Strabonem
487 2543 551 2592 ΧΠ.
565 2559 591 2606 p.
604 2541 654 2592 578
662 2542 692 2594 (l.
708 2559 731 2596 s.

195 2615 299 2674 acta,
323 2613 395 2664 conf.
412 2627 516 2678 quoqne
533 2611 732 2662 'l'clrihatchoffi

194 2686 258 2736 asie
272 2684 391 2734 mineure
401 2683 424 2732 1.
438 2697 499 2746 pag.
511 2681 571 2730 ¹258.
595 2683 634 2731 Ac
649 2681 733 2732 refert

193 2752 332 2807 Arundell.
344 2753 508 2803 Graecorum
522 2765 593 2800 nunc
607 2751 645 2800 ibi
657 2749 733 2800 habi-

194 2825 312 2875 tantium
325 2823 425 2872 lamam
435 2821 469 2870 de
478 2819 612 2870 michaele
625 2819 733 2883 angelo,

195 2895 242 2960 qni
257 2893 284 2941 in
299 2907 397 2957 magna
408 2905 539 2955 aquarum
556 2889 733 2940 inundatione

195 2965 297 3013 lriatnm
315 2965 405 3012 terrae
426 2959 577 3024 aperuerit,
603 2960 631 3008 in
654 2975 733 3025 quem

196 3047 286 3098 oquae
304 3031 360 3080 nint
381 3029 548 3090 submersae,
574 3044 672 3094 magno
693 3030 734 3078 in·

195 3103 316 3152 colorum
349 3099 498 3150 commodo.
543 3099 586 3149 De
609 3098 731 3150 Colossis

194 3172 262 3222 urbo
275 3169 338 3220 olim
349 3169 525 3220 celeberrima
537 3173 564 3218 at
573 3167 652 3218 Pauli
662 3169 733 3233 Apo-

140 3273 142 3278 ·
195 3241 259 3292 stoli
278 3240 395 3304 epistola
414 3240 560 3304 insignita,
587 3239 633 3304 qni
656 3239 734 3303 plura

194 3325 358 3376 cognoscere
367 3309 449 3370 velit,
463 3309 556 3370 adeat,
569 3323 639 3373 quae
653 3323 735 3374 expo-

194 3383 307 3431 suerunt
317 3378 430 3430 Carolus
439 3378 526 3428 Baehr
539 3379 567 3427 in
583 3379 730 3429 introduct.

195 3449 230 3500 ad
242 3448 392 3499 Comment.
405 3449 433 3498 in
442 3447 521 3498 Pauli
533 3449 621 3512 Epist.
635 3447 670 3498 ad
684 3447 735 3498 Oo-

195 3516 541 3584 loss.(Basil.1832)pag
560 3518 640 3580 1—4,
662 3518 735 3569 Stei-

195 3605 242 3655 ger
259 3589 286 3638 in
297 3588 521 3639 Commutatio
533 3589 623 3652 Epist.
637 3587 672 3637 ad
682 3587 733 3638 (lo-

195 3661 261 3711 loss.
275 3673 340 3723 pag.
355 3659 385 3709 16
398 3673 474 3722 seqq.
485 3658 608 3721 inprimis
625 3672 686 3722 pag.
698 3657 731 3708 211

192 3745 268 3795 seqq.
280 3729 353 3778 etit.
364 3729 396 3780 G
408 3727 565 3779 Mantinin:
581 3727 730 3778 Dissertat.

781 1566 872 1621 (laist.
889 1571 917 1618 et
928 1583 999 1619 racc.
1013 1567 1077 1620 edd.
1093 1566 1158 1620 dedi
1172 1563 1254 1616 ττέντε
1272 1555 1324 1628 μα’-

783 1629 864 1718 1ιμτύ
890 1653 941 1704 τιη,
964 1638 1012 1690 ubi
1035 1637 1117 1704 vulgo
1140 1628 1260 1701 μάλιστα
1287 1649 1323 1698 τη

784 1719 876 1761 novor.

829 1767 858 1834 ἐς
885 1770 1037 1841 Κύδραρα]
1065 1774 1322 1840 Schweighaeusero

783 1847 883 1896 Noster
904 1846 1015 1896 eandem
1038 1846 1146 1896 videtur
1168 1844 1261 1898 urbem
1283 1843 1324 1892 di-

784 1931 859 1980 core,
873 1931 944 1982 qnae
956 1907 1095 1979 Κούραρα
1107 1915 1179 1979 apud
1193 1913 1322 1966 Strabon.

783 1987 847 2037 XII.
865 2001 892 2052 p.
908 1986 997 2038 5780.
1017 2001 1038 2034 a.
1054 2000 1080 2050 p.
1092 1983 1185 2035 81178.
1207 1991 1234 2033 ot
1248 1982 1321 2032 XIV.

784 2071 811 2120 p.
824 2055 916 2108 11630.
930 2071 952 2107 s.
969 2071 997 2120 p.
1013 2054 1105 2104 9781).
1134 2055 1211 2116 Quae
1226 2053 1320 2103 endem

784 2130 827 2176 cot
835 2125 963 2176 Heerenii
973 2125 1111 2176 sententia
1121 2125 1161 2172 iu:
1175 2123 1256 2173 Idcen
1268 2126 1321 2172 etc.

784 2195 805 2245 I.
824 2210 885 2261 pag.
903 2195 961 2247 104.
1002 2197 1071 2244 Nam
1089 2207 1121 2243 ea
1142 2193 1206 2243 urbs
1222 2207 1323 2242 merca-

782 2267 845 2314 turd
860 2267 984 2315 floruisse
1001 2265 1085 2314 fertur
1105 2263 1138 2313 ob
1155 2264 1236 2313 situm
1252 2278 1323 2312 com·

781 2337 891 2385 modum
904 2335 995 2384 multis
1007 2333 1180 2399 frequentato
1189 2339 1323 2383 mercato·

782 2405 857 2454 ribus
866 2405 984 2470 undiquc
995 2401 1203 2454 confluentibus.
1215 2401 1322 2453 Schoell

783 2474 823 2537 (iu
836 2479 902 2524 nota
916 2475 1049 2524 versionis
1060 2473 1250 2537 Germanicae)
1261 2472 1322 2522 nnl-

783 2543 836 2592 lam
858 2543 941 2592 aliam
958 2541 1009 2593 lroc
1029 2541 1088 2594 loco
1107 2541 1222 2592 indicari
1242 2545 1322 2608 putat

783 2613 876 2663 urbem
889 2613 942 2663 nisi
960 2628 1035 2678 eam,
1053 2625 1123 2678 qnae
1138 2617 1235 2678 postea
1250 2614 1321 2662 boo·
1389 2655 1393 2660 .

782 2683 870 2732 diceae
884 2683 990 2732 nomine
1002 2683 1133 2733 inclaruit
1144 2697 1176 2732 ac
1189 2683 1323 2732 Romano-

781 2767 841 2802 rum
853 2757 946 2803 aetaie
959 2752 1100 2804 admodum
1113 2752 1219 2815 floruit,
1238 2757 1323 2816 capnt

782 2822 916 2887 Phrygiae
929 2823 1098 2872 Pacatianae
1110 2822 1160 2872 cub
1177 2822 1322 2887 imperato·

782 2891 859 2942 ribns
875 2893 1052 2953 Byzantinis3
1078 2891 1176 2957 quibos
1189 2891 1276 2956 pulsia
1293 2892 1322 2940 in

782 2963 934 3012 Turcarnm
943 2962 1073 3012 ditionem
1083 2962 1159 3012 vonit
1171 2963 1235 3012 urbs
1249 2975 1321 3014 anno

784 3031 851 3082 1255
866 3036 927 3096 post
945 3031 1007 3082 chr.
1022 3047 1065 3093 α,
1084 3031 1131 3081 sed
1152 3046 1170 3080 a
1184 3029 1321 3096 Mongolis

782 3101 850 3151 duce
863 3102 972 3152 Timore
990 3116 1087 3152 eversa
1104 3104 1146 3152 ost
1159 3116 1231 3151 anno
1244 3099 1320 3150 1402.

782 3171 850 3221 Inde
861 3171 948 3222 adhuc
959 3171 1019 3222 loco
1031 3185 1129 3221 nomen
1137 3170 1321 3230 Itali-Hieran

782 3240 854 3306 qnod
864 3245 989 3306 antiquom
997 3255 1081 3291 arcera
1091 3239 1237 3305 significat.
1258 3238 1322 3290 Plu·

782 3326 813 3361 ra
829 3310 862 3362 de
879 3310 931 3362 hac
947 3311 1013 3362 urbe
1027 3311 1081 3361 vid.
1094 3311 1169 3374 apud
1181 3310 1320 3373 Forbiger.

783 3381 801 3434 l.
813 3379 831 3434 1,
845 3381 882 3430 ΙΙ.
894 3395 922 3445 p.
934 3379 994 3434 317.
1024 3380 1156 3445 Equidem
1170 3380 1202 3430 de
1213 3378 1322 3430 Schoel-

782 3449 812 3500 lii
830 3451 967 3501 sententia
985 3451 1139 3500 discerncre
1160 3449 1261 3500 nolim:
1290 3446 1320 3497 id

781 3535 847 3572 vero
857 3521 925 3572 catis
935 3525 1037 3570 certum
1048 3518 1164 3584 videtur,
1178 3521 1319 3570 circaeam

781 3591 933 3655 regionem,
961 3591 989 3639 in
1017 3604 1070 3655 qna
1093 3593 1190 3654 pecten
1214 3589 1321 3639 eutitii

781 3661 918 3710 Laodicea
933 3660 1013 3722 urbe,
1033 3675 1093 3710 cam
1110 3674 1215 3742 quoqne
1227 3659 1320 3709 urbem

780 3729 961 3796 quaerendam
984 3745 1057 3788 esse,
1082 3731 1127 3779 cui
1148 3743 1245 3779 nomen
1265 3721 1320 3776 Κύ-

193 3803 298 3864 exeget.
312 3797 436 3848 historic.
449 3796 652 3862 (μαστεύουσα),
665 3812 729 3848 num
776 3799 872 3863 δραρα
887 3799 958 3864 apud
974 3797 1152 3850 Herodotum.

191 3869 293 3920 Paulus
305 3866 425 3918 Coloesis
444 3865 581 3928 docuerit,
597 3867 730 3919 rimatura

193 3937 385 4004 (Helelnglors.
398 3933 513 4000 1843)p
524 3938 624 4002 4ταηη.
650 3937 730 3991 Ocni.

192 4009 276 4060 etiam
278 4022 366 4072 ,qnae
377 4005 532 4056 excitantur
540 4020 557 4054 a
567 4006 696 4058 Winero'
689 4023 729 4059 rn:

192 4075 324 4129 Biblisch.
337 4075 531 4126 Rcalw'drterb.
544 4077 565 4126 1.
580 4091 607 4140 p.
624 4077 672 4128 791
687 4078 728 4128 ed.

192 4147 303 4199 secund

227 4209 277 4266 δια
292 4210 454 4278 σταδίων]
446 4216 729 4280 1.eeaqmoquosere

191 4287 329 4337 stadiorum
345 4286 514 4335 intervallos.
531 4289 594 4349 post
610 4285 728 4349 quinque

192 4357 248 4407 iere
268 4353 357 4405 stadia
373 4351 572 4418 praetorianam
596 4353 667 4407 coni.
680 4355 728 4417 vl,

193 4425 340 4492 llsslbrqne
348 4427 416 4475 nott
427 4425 491 4474 Mox
501 4437 561 4474 cum
569 4422 728 4490 Schwcrglr

956 3943 1021 4024 cir.
1042 3971 1142 4022 xxm.

820 4064 1084 4142 ίπ111αρίης]·ι.τ.
1106 4074 1329 4130 corruamus„

779 4144 841 4197 Vid.
856 4145 985 4196 Kuolmer
1007 4145 1052 4197 cr.
1072 4144 1118 4198 Gr
1139 4146 1164 4206 5.
1178 4142 1226 4192 1111
1253 4142 1275 4203 Ι,
1290 4141 1317 4190 1).

779 4215 851 4265 Hinc
862 4215 949 4266 malo
942 4229 969 4264 m
979 4213 1084 4265 duobus
1094 4215 1198 4264 Parios.
1204 4179 1275 4260 lul
1262 4210 1319 4260 Κα-
1415 4225 1421 4236 ·

780 4281 902 4349 ρίην.-
868 4285 1015 4335 —Urbem
1031 4276 1215 4348 Καλλάτηβον
1228 4295 1316 4342 nemo,
1333 4314 1337 4326 .

780 4357 910 4420 qnantum
924 4354 997 4416 scio,
1009 4353 1100 4416 novit,
1116 4355 1231 4428 praeter·
1235 4363 1317 4400 unum

779 4423 910 4490 Stephon.
926 4425 1042 4488 Byzant.
1055 4439 1077 4472 τι.
1093 4439 1120 4478 τ
1141 4412 1341 4486 Kctlorqfioc'
