3010 4966
223 348 265 414 00
653 339 922 407 HERODOTI
955 377 959 386 .

223 543 331 601 νικος·
357 518 438 610 μετὰ
459 521 495 590 dl
508 518 631 610 χρόνον
646 527 886 610 προβαίνοντος
907 515 975 609 ἅμα
995 524 1037 609 τῇ
1055 523 1155 609 φωνῇ
1174 521 1362 608 μετέβαλον

225 719 397 784 adduxisset,
420 719 514 770 literas
537 718 667 771 didicisse
692 719 766 771 ride·
816 737 928 786 rumque
940 720 1044 770 censeri
1058 723 1197 770 auctorem
1211 718 1257 768 111ο
1267 723 1361 782 negat,

225 791 341 852 bantur,
363 790 524 855 Dionysium
542 789 665 854 inprimis
682 793 765 854 atque
817 807 877 841 cum
888 791 982 842 ionum
993 791 1084 854 potius
1096 789 1257 839 commercio
1268 788 1362 838 litera·

224 861 415 922 Hecataeum,
448 867 591 924 utrumqne
620 858 764 921 Milesium,
817 877 874 910 rum
886 860 1050 912 Punicarum
1062 860 1245 923 cognitionem
1261 858 1362 908 Graeci

225 930 272 994 qui
291 945 308 979 a
323 931 419 980 Danao
438 935 503 980 ante
520 929 652 979 Cadmum
670 925 765 978 literas
817 930 969 982 debuerint.
995 933 1031 979 At
1044 928 1087 980 rel
1105 935 1168 979 ante
1185 930 1267 978 lones
1286 943 1362 977 com·

225 997 325 1048 allatas
348 999 434 1048 fuisse
456 998 640 1062 tradiderant,
659 998 768 1048 Phoeni·
816 1003 917 1050 mercio
929 1001 1056 1050 florentes
1074 997 1169 1049 literae
1185 998 1298 1047 Graecis
1315 1011 1362 1045 co-

223 1073 279 1119 eius
289 1073 316 1118 et
325 1069 398 1132 ipsae
412 1068 499 1119 dictas
512 1067 682 1131 aPhoenice,
695 1069 765 1132 Age-
817 1071 909 1134 gnitue
923 1068 1041 1119 inerunt.
1069 1069 1167 1132 ltaque
1181 1069 1210 1115 in
1223 1065 1362 1116 Herodoti

224 1138 298 1188 noris
321 1138 386 1188 filio.
422 1137 446 1186 A
475 1137 573 1202 quibus
601 1137 766 1188 dissentiens
816 1140 973 1188 narratione
1004 1135 1249 1202 acquiescendum,
1277 1149 1362 1200 quam

224 1207 380 1258 Herodotus
390 1207 507 1257 nominis
515 1223 622 1272 quoqne
632 1207 764 1256 rationem
817 1209 889 1258 omni
910 1208 960 1258 ride
976 1207 1087 1271 dignam
1107 1207 1202 1256 merito
1219 1204 1363 1254 iudicave-

224 1277 356 1327 veriorsm
376 1277 587 1340 demonstravit,
603 1277 766 1326 Phoenicius
816 1283 880 1327 runt
897 1278 961 1341 ling
984 1275 1144 1341 (Erfindung
1162 1274 1209 1324 der
1224 1274 1362 1324 Bncbsta-

223 1347 319 1397 literas
341 1363 358 1396 a
374 1347 572 1405 Phoenicibus,
595 1346 644 1409 qni
666 1361 713 1394 eas
737 1346 766 1394 in
815 1347 966 1397 benschrilt
977 1361 1039 1410 pag.
1059 1343 1205 1408 les-142)
1229 1349 1256 1393 et
1270 1342 1361 1393 Ulrici

224 1417 369 1466 Graeciam
400 1415 561 1476 intulerint,
586 1415 678 1464 'dictas
706 1429 765 1464 esse
818 1415 927 1480 (Gesch.
943 1417 970 1467 d.
987 1415 1093 1466 Hellen.
1109 1413 1280 1464 Dichtkunst
1294 1413 1318 1462 1.
1333 1427 1361 1477 ρ.

225 1491 363 1545 statuens,
388 1486 429 1536 ita
445 1489 476 1533 ut
495 1483 616 1532 dubitari
637 1489 765 1548 nequest,
817 1487 867 1535 227
882 1484 962 1550 seq),
975 1499 1026 1535 nec
1038 1483 1130 1534 Woltii
1144 1483 1287 1548 prebende
1298 1497 1362 1534 sen-

225 1556 290 1618 quin
307 1555 367 1618 ipse
383 1569 462 1603 usnrn
481 1552 635 1615 literarum,
661 1569 728 1618 quas
748 1569 765 1603 a
815 1551 1361 1619 tentiainProlegg.adllomer.p.Llll:

224 1621 371 1672 Palamede
381 1623 507 1672 inventas
518 1636 578 1672 esse
587 1622 668 1688 vulgo
680 1625 766 1672 iacta·
816 1624 1017 1687 „Herodotum
1053 1624 1111 1674 veri
1138 1622 1361 1671 amantissimum

224 1692 292 1742 baut
305 1692 402 1741 Graeci
417 1689 484 1756 (vid.
498 1691 563 1740 Otto
577 1691 664 1742 Jahn:
684 1692 764 1742 Pelu-
815 1695 917 1758 pariter
928 1692 1084 1744 etfictorum
1094 1691 1222 1756 cupidum
1231 1695 1361 1742 narrato-

225 1761 295 1812 med.
309 1777 371 1825 pag.
386 1760 419 1810 23
432 1761 537 1825 seqq),
551 1775 568 1810 a
580 1760 764 1812 Phoenicibus
814 1779 880 1826 rem,
897 1762 948 1814 hoc
959 1777 1066 1828 quoque
1078 1763 1138 1812 loco
1149 1767 1241 1812 tenere
1254 1775 1360 1810 morem

224 1830 353 1880 traditum
371 1845 430 1881 esse
445 1830 601 1881 crediderit.
628 1830 717 1896 Atque
736 1831 763 1880 id
816 1847 903 1892 suum,
918 1847 998 1896 quum
1013 1848 1042 1882 ee
1053 1847 1107 1882 non
1120 1837 1223 1882 certam
1233 1835 1261 1880 et
1273 1829 1360 1894 νοΙρο

223 1901 283 1965 ipsa
295 1901 366 1950 ratio
379 1900 490 1951 evincit.
510 1900 621 1950 Minime
635 1902 705 1950 enim
718 1899 766 1950 dn·
815 1903 947 1953 creditam
960 1917 1030 1965 rem,
1043 1901 1091 1952 sed
1103 1901 1204 1950 lamam
1221 1900 1360 1965 quandam

224 1972 308 2034 biam,
317 1972 381 2034 quin
392 1969 496 2030 literae,
504 1969 601 2035 quibus
612 1968 674 2018 olim
684 1971 766 2021 Grae·
815 1972 867 2022 sibi
878 1971 1020 2036 probatam
1033 1971 1130 2022 afferre
1139 1969 1286 2035 significet,
1296 1970 1360 2034 ipse

224 2040 250 2089 ci
262 2041 318 2088 sint
331 2041 382 2104 usi,
397 2045 536 2089 auctorem
549 2038 695 2089 habuerint
707 2040 765 2090 sive
816 2057 932 2104 cavens,
956 2056 990 2090 ne
1010 2043 1053 2090 oui
1069 2039 1217 2104 mythicam
1234 2055 1291 2090 rem
1308 2055 1359 2103 pro

223 2109 362 2171 Cadmum,
376 2109 434 2160 sive
447 2107 616 2171 Phoenices,
633 2109 679 2172 qui
694 2109 766 2160 iuter
815 2117 954 2176 compertu
968 2110 1066 2160 hahere
1078 2109 1193 2160 libeat.“
1221 2107 1357 2158 Valcken.

224 2179 346 2228 rudiores
360 2179 493 2228 Graeciae
508 2183 603 2243 gentes
623 2176 765 2230 literarum
815 2180 849 2230 ad
866 2180 892 2232 h.
905 2180 923 2230 1.
934 2179 968 2229 de
978 2179 1066 2230 literis
1080 2179 1205 2230 Cadmeis
1219 2179 1361 2228 citaverat

224 2249 341 2298 omniurn
358 2253 482 2312 expertes
499 2248 678 2314 propagarint
695 2249 764 2298 istas
815 2249 954 2301 Plutarch.
967 2250 1002 2298 11.
1014 2263 1077 2313 pag.
1092 2249 1143 2300 7³8
1154 2250 1186 2300 Ε.
1198 2253 1225 2298 ο1
1240 2246 1308 2298 1000
1315 2249 1360 2310 Ε.,

224 2335 241 2368 a
258 2318 416 2382 septimum
434 2316 542 2368 allatas.
569 2318 612 2367 Ta
628 2317 764 2378 coni-,ne
815 2320 886 2384 apud
896 2321 1061 2368 Pausaniam
1075 2317 1359 2382 frequenteroomme-

223 2387 302 2452 plura
319 2388 347 2436 in
363 2403 391 2436 re
405 2386 550 2438 admodum
568 2386 724 2452 disceptata
736 2391 763 2436 et
814 2389 913 2438 morari
930 2388 1060 2438 adiiciens
1074 2388 1164 2451 prisca
1179 2388 1359 2452 epigramma-

221 2457 328 2520 agitata
346 2455 676 2521 proferem,Fischer.ad
692 2456 763 2508 Wel-
815 2463 845 2506 ta
863 2457 949 2508 literis
973 2458 1094 2521 antiquis
1114 2458 1214 2507 Atticis
1242 2457 1358 2521 scripte.

222 2526 269 2576 ler.
287 2528 309 2578 I.
329 2543 393 2592 pag.
409 2529 424 2577 7
448 2525 508 2576 coll.
523 2525 641 2576 Boeekh.
655 2527 763 2576 Stasts·
813 2527 866 2588 VI,
882 2527 913 2578 19
928 2527 972 2576 lin.
989 2527 1021 2588 V,
1033 2528 1079 2589 17,
1092 2527 1115 2578 3.
1135 2529 1168 2582 V.
1181 2528 1224 2586 22,
1236 2527 1262 2576 2.
1278 2527 1358 2585 v111,

222 2595 318 2647 haush.
340 2596 365 2645 d.
379 2595 442 2645 Ath.
465 2595 503 2643 11.
525 2609 588 2658 pag.
602 2593 670 2656 387,
691 2595 762 2644 Itose
814 2595 857 2645 25.
876 2599 900 2657 §-
917 2597 940 2646 l.
968 2597 1043 2658 Quae
1059 2609 1113 2646 una
1130 2611 1192 2646 cum
1205 2595 1269 2644 aliis
1288 2611 1358 2660 quo·

221 2667 250 2714 in
263 2666 404 2727 Inscriptt.
414 2679 446 2731 p.
460 2663 512 2713 VII
526 2678 601 2726 seqq.
615 2678 648 2712 ac
659 2663 763 2726 praeci·
813 2679 865 2728 quo
878 2666 1010 2714 excitavit
1022 2664 1138 2715 Siebelis
1152 2665 1186 2714 ad
1198 2666 1319 2714 Pausan.
1334 2665 1357 2720 1.

221 2749 274 2796 pue
303 2735 393 2781 Franz
418 2730 564 2780 Elementt.
595 2731 762 2794 epigraphis.
813 2735 838 2782 2.
855 2733 982 2795 §.tcolt
996 2733 1031 2784 ad
1043 2735 1141 2796 vute.
1158 2737 1182 2796 ξ.
1197 2734 1222 2784 3.
1236 2736 1357 2798 peg.71.

222 2801 317 2849 Graec.
333 2815 395 2863 pag.
417 2799 462 2859 15,
480 2799 526 2861 qui
540 2799 664 2848 omnibus
677 2805 704 2848 et
716 2815 763 2849 ve·
813 2802 855 2850 Tu
874 2801 967 2852 confer
986 2819 1093 2868 quoque
1113 2819 1130 2852 e
1147 2805 1195 2854 Cr.
1212 2801 1357 2854 laudatum

221 2873 309 2917 terum
335 2872 362 2916 ot
390 2866 570 2920 recentiorum
599 2867 761 2918 testimoniis
812 2870 1310 2924 Letronneinsourn.d.ssv.1suo
1330 2889 1357 2937 p.

221 2936 314 2985 allatis
343 2935 436 2984 literas
455 2933 574 2984 Graecas
594 2951 627 2984 ex
649 2936 761 2988 Oriente
812 2937 924 2990 10-51.
948 2941 1022 2992 Bene
1041 2946 1131 2992 autem
1145 2942 1276 2992 observat
1288 2943 1357 2992 Zod-

221 3005 352 3054 sdvectae
365 3004 546 3054 Phoenicibus
559 3002 651 3054 deberi
665 3005 762 3069 probs·
812 3023 861 3072 ga:
874 3009 915 3058 De
925 3010 1052 3064 obelisco.
1066 3026 1127 3075 pag.
1137 3011 1189 3062 354
1198 3027 1267 3075 seq,
1277 3017 1358 3064 vetn-

220 3075 261 3124 vit
274 3079 401 3138 recteque
416 3076 499 3122 etism
519 3072 584 3122 illud
603 3078 760 3137 pronuntia·
812 3079 947 3130 stissimas
960 3079 1053 3130 literas
1063 3095 1117 3130 non
1129 3081 1157 3130 in
1167 3081 1301 3144 sepulcris
1316 3083 1357 3132 in-

220 3143 274 3192 vit:
307 3142 473 3207 „alphabeti
497 3142 638 3192 Plroenieii
668 3160 760 3196 ornnes
811 3148 907 3210 veniri,
920 3149 1005 3198 sedin
1018 3151 1148 3212 donariis,
1163 3149 1282 3215 adquae
1295 3167 1357 3215 spe·

219 3212 318 3275 viginti
346 3213 413 3261 duas
440 3210 533 3262 literas
555 3228 616 3262 cum
638 3216 760 3279 antiquis
812 3221 887 3266 otent
911 3220 1106 3270 remotissimae
1129 3221 1231 3270 aetatis
1256 3221 1356 3270 inscri-

219 3281 331 3330 (iraeois
340 3296 497 3346 congruere,
508 3283 562 3330 nisi
570 3282 642 3346 qnod
650 3284 761 3334 sibilun·
812 3285 934 3349 ptionee,
954 3302 1024 3351 quse
1046 3289 1081 3338 od
1100 3304 1150 3338 nos
1170 3291 1356 3352 pervenerint.

219 3349 258 3398 tiu
277 3350 354 3400 sedes
371 3367 434 3400 suas
452 3351 480 3401 in
495 3351 641 3416 alphabeto
655 3353 759 3404 Graeco
810 3381 844 3390 -
864 3356 895 3430 lqr
915 3371 988 3420 seqq.
1007 3372 1055 3420 pro
1076 3349 1257 3421 πρῶτονμὲν,
1279 3359 1356 3408 τοῖσι

218 3421 414 3482 permutarint,
439 3420 519 3470 hodie
544 3437 622 3472 nemo
646 3432 688 3473 est
712 3423 759 3487 qui
809 3417 856 3470 aul
868 3438 988 3481 ανοντες
997 3419 1132 3488 χρέωνται
1143 3425 1276 3484 Φοίνικες
1286 3429 1358 3478 San-

217 3489 352 3551 ignoret.“
379 3491 455 3551 Quae
473 3489 508 3540 ad
525 3491 659 3541 Herodoti
678 3491 757 3542 fidem
809 3491 890 3541 crolti
915 3493 995 3543 liber:
1028 3493 1126 3556 πρῶτοι
1147 3488 1200 3558 μὲν
1224 3489 1354 3546 τούτοισι

217 3555 384 3622 probandam
398 3564 528 3622 quantum
542 3560 666 3623 valeant,
680 3577 757 3610 nemo
809 3551 952 3624 ἐχρέωντο,
964 3558 1088 3624 κατάπερ
1099 3559 1144 3612 sul
1158 3553 1284 3622 ἅπαντες
1294 3559 1356 3630 χρέ-

218 3641 272 3676 non
292 3627 374 3678 videt.
402 3628 449 3680 Cr.
471 3627 506 3676 ed
517 3627 651 3677 Herodoti
669 3628 757 3680 locum
809 3644 894 3678 ωνναι
906 3628 1044 3692 Φοίνικες,
1056 3633 1125 3698 quod
1136 3636 1242 3699 recepit
1252 3636 1357 3686 Schue-

216 3699 358 3759 praetores
378 3696 496 3746 conferri
515 3695 573 3745 vult
594 3695 757 3749 Ruonl-llo-
809 3699 890 3750 ierus.
916 3701 1048 3764 Equidem
1063 3717 1123 3752 cum
1138 3703 1251 3768 reliquis
1265 3705 1356 3756 edito-

216 3763 756 3828 chette:DensLettreshMylordhber-
807 3768 883 3818 ribus
913 3769 1074 3835 reliquorum
1100 3773 1179 3826 codd.
1204 3773 1354 3826 lectionem

216 3834 476 3885 deen.Paris181tl.
497 3850 559 3898 pag.
574 3834 623 3892 05,
641 3836 755 3902 etHug.
807 3838 930 3899 restitui,
955 3838 1149 3902 simpliciorem
1168 3844 1264 3908 utique
1289 3851 1318 3894 st
1337 3859 1355 3894 a

216 3905 353 3954 Grotium:
374 3905 416 3952 De
430 3906 547 3953 veritate
561 3902 638 3967 relig.
654 3903 755 3957 Christ.
808 3905 945 3956 Sancroiti
972 3909 1073 3959 codicis
1099 3909 1213 3962 librario
1242 3919 1354 3977 praeter

214 3975 261 4026 lib.
279 3975 302 4027 I.
319 3976 343 4036 θ.
361 3973 401 4024 15.
422 3987 482 4036 pag.
496 3971 529 4022 26
544 3987 620 4036 seqq.
643 3971 684 4022 sd.
700 3973 755 4023 Ha·
806 3977 997 4027 necessitatem
1012 3978 1051 4026 ita
1068 3979 1253 4043 explanatam.
1280 3984 1353 4032 Nam

215 4045 281 4096 lens.
295 4043 370 4094 1134.
395 4041 466 4103 Quin
479 4043 537 4105 ipse
548 4041 578 4091 C.
589 4040 621 4090 Ο.
632 4041 753 4097 Mueller.
805 4045 946 4108 scriptoris
962 4045 1030 4096 haee
1044 4053 1086 4098 est
1102 4053 1248 4114 sententia,
1266 4051 1352 4102 Grae·

214 4109 754 4177 0rohomempag.llbetGiitting.hn—
805 4127 852 4162 cos
877 4113 970 4177 primis
996 4118 1163 4180 temporibus
1195 4136 1249 4170 non
1278 4121 1352 4173 alias

214 4183 281 4246 ssig.
299 4182 361 4234 1831
385 4179 481 4230 nr.3l.
502 4195 565 4244 pag.
584 4178 702 4228 20011οο
724 4181 752 4232 in
804 4196 950 4246 usurpasse
981 4183 1093 4247 literas,
1123 4203 1202 4251 quem
1232 4204 1352 4254 quarum

213 4249 323 4299 dubium
342 4266 441 4301 vocare
461 4249 570 4298 minime
596 4263 677 4298 ausus
700 4255 751 4313 cst,
802 4251 1349 4319 ipsarumapudPhoenicesiueritusus;

213 4317 331 4367 Graecos
344 4334 361 4368 a
376 4319 556 4369 Phoenicibus
573 4316 702 4368 didicisse
716 4318 747 4368 li·
802 4323 860 4368 tum
875 4320 994 4378 demum.
1015 4324 1061 4372 ubi
1075 4325 1206 4388 paulatim
1223 4327 1351 4393 linguam

212 4389 294 4450 teres,
306 4386 353 4438 sed
364 4387 495 4438 Cadmum
508 4403 555 4440 eas
565 4386 691 4440 attulisse
705 4402 750 4440 ea·
800 4389 955 4456 (Punicam)
968 4393 1108 4458 mutarint,
1122 4393 1262 4448 literarum
1279 4413 1352 4466 quo·
