3062 4976
228 373 291 438 350
532 397 534 402 ’
659 367 925 435 HIlIlODOTI

180 554 219 617 88
230 545 403 635 Ἀθηναῖοι
420 545 457 615 δὲ
471 545 637 626 παθόντες
651 553 754 616 ταῦτα
774 544 854 636 πρὸς
864 549 1074 634 Αἰγινητέων
1087 539 1199 616 οόκέτι
1213 541 1360 635 ἆνεβιίλ-

227 661 325 720 λοντο
339 648 383 738 μή
399 648 439 719 οὐ
454 649 490 719 τό
507 655 574 718 πᾶν
589 650 844 739 μηχανήσασθαι
859 648 912 718 ἐπ’
929 651 1137 740 Αἰγινήτῃσι.
1165 652 1221 719 καί
1236 643 1279 738 ήυ
1294 650 1360 738 γὰρ

226 753 436 843 Νικόδρομος
451 762 605 823 Κνοίθου
625 755 823 842 καλεόμενος
845 756 881 822 ἐν
901 759 941 845 τῇ
956 759 1080 842 Αἰγίνῃ
1102 750 1187 842 ἀνὴρ
1209 755 1359 841 δόκιμος,

225 848 322 937 οὗτος
341 857 552 946 μεμφόμενος
572 857 635 945 μὲν
648 873 732 926 τοῖσι
747 857 943 946 Αἰγινήτῃσι
964 859 1129 946 προτέρην
1144 859 1272 924 ἑωυτοῦ
1287 861 1358 939 ἐξέε

198 1050 199 1054 ¹
226 970 323 1030 λασιυ
338 965 374 1030 ἐκ
389 967 445 1049 τῆς
460 960 583 1050 νήσου,
604 959 725 1048 μαθών
745 962 783 1030 δί
803 959 875 1030 τότε
897 957 973 1039 τούς
989 957 1191 1047 Ἀθηναίους
1209 958 1357 1048 ιἰναρτη-

225 1067 347 1152 μένους
360 1068 474 1152 ἔρδειν
488 1064 670 1153 Αἰγινήτας
684 1070 809 1150 κακῶς,
834 1072 1028 1133 συντίθεται
1049 1061 1257 1151 Ἀθηναίοισι
1272 1091 1355 1152 προ-

226 1174 344 1255 δοσίην
358 1173 515 1256 Αἰγίνης,
537 1168 666 1258 φράσας
681 1171 718 1236 ἐν
731 1172 772 1256 τῇ
785 1193 821 1235 τε
834 1163 938 1256 ἡμέρῃ
954 1167 1175 1254 ἐπιχειρήσει,
1198 1169 1254 1235 καί
1268 1171 1355 1236 ἐκεί-

224 1299 305 1351 νους
320 1275 353 1351 ἐς
366 1269 427 1359 τήν
442 1268 537 1359 ήκειν
552 1270 663 1361 δεήσει
681 1274 899 1360 βοηθέοντας·
928 1269 1010 1358 μετὰ
1024 1275 1127 1338 ταῦτα
1141 1271 1355 1358 καταλαμβά-

225 1403 277 1445 νει
299 1376 361 1463 μὲν
380 1373 464 1442 κατὰ
483 1375 694 1462 συνεθήκατο
716 1370 734 1442 ὁ
754 1375 962 1462 Νικόδρομος
979 1371 1187 1460 Ἀθηναίοισι
1207 1371 1269 1460 τήν
1289 1402 1354 1441 πα-

177 1477 323 1566 89λαιήν
344 1480 549 1566 καλεομένην
576 1477 685 1546 πόλιν.
728 1473 901 1565 Ἀθηναῖοι
928 1477 964 1545 δὲ
990 1473 1030 1546 οὐ
1051 1484 1292 1564 παραγίνονται
1322 1479 1357 1553 ἐς

224 1649 386 1701 heuduutur.
417 1649 478 1701 Vid.
491 1650 679 1702 Wuchsmuth.
699 1649 765 1701 Hel·
815 1652 926 1713 sentior,
937 1650 1016 1716 plura
1027 1651 1146 1700 obstant.
1169 1651 1292 1714 Namque
1306 1665 1355 1699 ve-

224 1719 277 1770 len.
290 1719 485 1771 Alterthumsk.
497 1720 534 1770 11.
552 1736 614 1786 pug.
627 1719 687 1772 202.
814 1721 1059 1784 tusdegiuetarum
1072 1719 1135 1769 urbs
1147 1719 1182 1768 ad
1195 1721 1283 1783 ipsum
1296 1735 1354 1768 rnu-

813 1807 842 1840 re
861 1793 915 1840 sito
935 1792 961 1839 in
986 1789 1047 1839 loco
1067 1789 1226 1853 plenissimo
1249 1789 1353 1838 nullam

363 1893 428 1944 θυ-
445 1893 623 1945 nxxxvnr.
814 1859 1353 1994 nstitit*inlini-„utsii

257 1987 458 2063 ἀνεβάλλοντο]
490 1997 568 2047 Cous.
584 1999 623 2058 V,
639 1995 673 2045 49
691 1996 764 2047 etde
813 2001 935 2063 periatur
947 1969 1144 2058 locus’edition
1156 1999 1183 2046 in
1199 2013 1250 2062 quo
1262 2013 1353 2046 arcem

224 2067 367 2130 particulis
389 2059 427 2131 μή
447 2060 481 2116 οὐ
504 2071 572 2117 nott.
592 2066 626 2116 ad
644 2067 701 2130 111,
719 2068 762 2118 51.
814 2076 953 2120 exstruere
967 2067 1098 2118 licuisset.
1130 2070 1218 2132 Atque
1234 2066 1297 2116 hinc
1313 2071 1353 2116 et-

223 2135 265 2185 Ad
278 2137 361 2187 verbe
377 2153 451 2202 seqq.
473 2129 505 2186 τὸ
527 2134 585 2185 πᾶν
601 2127 764 2200 μηχανήσα-
813 2139 867 2187 ianr
879 2137 967 2200 nulla,
981 2143 1111 2201 quantum
1127 2137 1198 2198 ecio,
1220 2137 1292 2200 apud
1307 2152 1353 2185 ve-

223 2205 292 2253 σθαι
306 2197 350 2254 ἔπ’
366 2198 529 2272 Αἰγινήτῃσι
546 2205 617 2255 coni.
638 2211 707 2255 nott.
727 2205 762 2254 ad
813 2213 884 2257 teres
905 2207 1052 2271 scriptores
1072 2207 1173 2255 mentio
1197 2208 1267 2255 arcis
1291 2207 1351 2256 sive

222 2276 276 2334 lv,
294 2277 341 2327 154
355 2282 382 2328 et
394 2276 449 2325 vid.
464 2275 599 2326 Kuehner.
615 2275 660 2324 Gr.
676 2275 720 2325 Gr.
737 2277 761 2336 5.
813 2277 972 2341 acropoleos
998 2277 1206 2340 Aeginetnrum‚
1231 2290 1302 2340 quae
1327 2277 1352 2324 si

222 2345 289 2405 012,
305 2347 331 2394 b.
371 2347 541 2396 Structorem
561 2345 637 2394 verbi
659 2338 763 2408 μέμφε-
813 2345 868 2396 ulle
891 2347 1056 2408 exstitisset,
1078 2361 1127 2395 suo
1147 2349 1221 2395 certe
1241 2346 1351 2394 nomine

223 2413 293 2462 σθαι
304 2416 332 2464 in
344 2431 420 2481 seqq.
435 2417 517 2480 ettigi
533 2415 567 2464 sd
581 2415 637 2473 ΙΙΙ,
656 2415 677 2464 l.
706 2405 762 2472 ἐξέ-
812 2431 872 2465 cern
887 2417 987 2465 Noster
1002 2415 1270 2478 indicasset,neque
1285 2418 1353 2464 enri-

221 2483 304 2532 λαοιν
325 2485 390 2535 dicit
408 2488 563 2545 eiectionem,
583 2485 762 2544 expetitionem,
811 2501 875 2548 qune
885 2486 954 2534 urhis
964 2483 1149 2548 appellatione
1160 2484 1352 2549 significasset.

222 2557 253 2602 ut
265 2555 305 2614 V,
323 2556 364 2604 76.
386 2579 419 2589 —
437 2553 568 2616 „Retulit
582 2552 617 2601 ed
630 2552 761 2602 Nicodro-
811 2555 907 2618 ltaque
922 2555 1002 2604 valde
1022 2554 1126 2604 arridet
1145 2553 1281 2604 sententia
1297 2555 1351 2604 viri

223 2615 294 2671 muln
314 2623 472 2686 Philosophi
491 2622 579 2671 locum
595 2621 668 2670 Polit
684 2623 722 2682 V,
744 2621 761 2671 6
810 2629 837 2672 et
851 2625 1002 2674 doctissimi
1018 2628 1046 2672 et
1058 2625 1244 2687 sagacissimi,
1257 2623 1351 2672 Liberi

223 2689 272 2754 (5)
293 2685 323 2738 ἰν
337 2687 435 2752 Αἰγίνη
454 2681 469 2737 ὁ
491 2683 543 2752 τήν
564 2685 670 2752 πρᾶξιν
689 2679 760 2751 πρὸς
808 2693 924 2743 Barouie
945 2693 978 2744 de
997 2691 1189 2758 Steckclherg,
1209 2694 1256 2758 qui
1273 2691 1350 2741 Oeam

222 2753 342 2821 Χάρητα
365 2754 478 2834 ,πράξας
502 2750 658 2820 ἐνεχείρησε
681 2771 762 2820 μετα·
810 2759 1236 2826 (dequnvid.n0tt.adv,83)
1252 2761 1350 2810 hicin-

221 2823 317 2890 βαλεῖν
341 2841 394 2889 την
418 2825 578 2886 πολιτείαν,
601 2826 758 2876 Cnsnuhon.
808 2831 897 2880 diceri
909 2833 1068 2892 arbitratur,
1079 2832 1297 2896 antiquissimum
1308 2836 1351 2881 to-

220 2895 256 2943 ed
270 2895 366 2958 Polyb.
386 2911 411 2959 p.
429 2895 477 2944 185
495 2894 535 2942 ed.
554 2895 636 2946 Gron.
659 2895 758 2946 dubius
806 2900 863 2949 tius
881 2901 986 2951 insulse
1004 2901 1094 2951 sedem
1111 2905 1138 2950 et
1154 2901 1232 2966 quasi
1249 2905 1348 2951 metro-

220 2963 343 3012 nonnihil
365 2964 399 3012 ob
420 2963 594 3042 Cquretsm.‘¹
623 2965 757 3018 Wessel.
806 2967 890 3032 polin,
909 2985 989 3034 equa
999 2970 1146 3034 Aeginetae
1157 2971 1295 3035 progressi
1311 2971 1348 3019 nd

220 3061 254 3068 -—
271 3033 312 3081 Ad
325 3033 437 3082 verbum
454 3025 667 3096 αυαρτημένους
684 3035 757 3088 conf.
808 3053 881 3087 mare
904 3039 1046 3104 postmodo
1071 3041 1162 3089 urbem
1191 3041 1348 3102 condidere,

220 3101 282 3164 VII,
297 3103 322 3152 8.
336 3105 360 3162 §-
373 3101 398 3164 3,
413 3103 460 3152 ubi
475 3101 623 3164 Valcken.‚
636 3107 757 3153 nostrum
808 3121 878 3171 quse
898 3110 1023 3172 primitus
1039 3115 1146 3172 portum
1159 3111 1232 3159 (leae
1248 3125 1347 3174 sugge-

218 3171 307 3220 locum
325 3172 429 3235 citans,
451 3173 479 3220 in
495 3172 575 3221 istum
596 3186 703 3222 sensum
722 3173 757 3222 eb
805 3176 893 3228 rebat.
926 3180 987 3240 Qua
1005 3179 1072 3228 urbe
1097 3179 1234 3227 maritime
1257 3179 1357 3228 diruta·

219 3239 282 3290 aliis
297 3241 431 3291 interdum
447 3232 621 3305 ἐπηρμένους
633 3241 757 3292 adhiberi
807 3244 847 3294 nil
866 3247 975 3308 mirum,
998 3248 1034 3296 ecl
1054 3249 1210 3299 interiorem
1230 3248 1349 3298 insulem

218 3313 306 3358 notet.
333 3309 445 3390 'l'uyid
462 3311 486 3372 1,
500 3311 535 3387 illl
547 3311 613 3375 ibiq.
626 3316 695 3362 nott.
725 3312 758 3362 In
807 3314 894 3364 denuo
916 3315 1019 3366 incolas
1045 3331 1074 3366 se
1097 3319 1234 3382 recepisse
1254 3319 1348 3383 ibique

218 3393 292 3443 seqq.
318 3392 389 3427 κατα
412 3379 591 3442 συνεθήκατο
616 3379 756 3431 δεδίασιν
805 3399 888 3448 prope
909 3376 1027 3436 veterem
1042 3386 1127 3436 Oenm
1148 3387 1287 3436 domicilia
1305 3403 1348 3437 ce—

218 3449 338 3526 Strqvio,
352 3453 382 3497 ut
395 3450 487 3499 monui
500 3449 535 3498 sd
546 3449 592 3512 Vi,
603 3448 645 3499 53.
667 3451 755 3516 Vulgo
806 3453 893 3516 pisse,
908 3455 1005 3518 quibus
1021 3456 1167 3505 recentiori
1180 3457 1286 3505 demum
1303 3473 1347 3507 ne-

218 3511 340 3596 κατρτδι
358 3512 564 3581 συνεθήκαντο.
692 3577 698 3594 Ι
806 3527 864 3571 tete
887 3524 989 3573 relictis
1013 3523 1048 3572 ad
1074 3539 1148 3574 mare
1170 3525 1259 3575 denuo
1284 3541 1348 3589 pro—

251 3600 304 3648 την
325 3580 449 3650 παλαιὴν
468 3582 642 3650 καλεομένην
660 3585 754 3651 πολιν]
804 3605 911 3653 grossos
932 3591 1022 3642 urbem
1045 3595 1200 3644 condidisse
1213 3611 1255 3644 me
1274 3596 1347 3646 idem

216 3655 364 3719 Antiquam
385 3657 506 3720 Aeginae
526 3655 619 3704 urbem
643 3654 681 3704 nil
702 3657 755 3706 nisi
805 3659 913 3708 edocuit
934 3662 975 3708 vir
1003 3661 1097 3711 hurum
1123 3664 1263 3726 regionum
1285 3679 1347 3728 per-

216 3739 299 3774 nreem
317 3739 377 3773 esse
394 3724 536 3773 contendit
550 3723 580 3774 G.
596 3725 629 3772 Ο.
641 3724 755 3774 Mueller
804 3733 942 3778 scrutator
950 3733 1183 3781 accuratissimus.
1197 3733 1348 3798 Addquae

215 3794 353 3858 Aeginett.
367 3808 429 3857 pug.
447 3795 505 3854 147,
517 3798 573 3841 turn
588 3792 659 3856 quod
673 3795 755 3843 Nico·
804 3811 837 3845 ex
853 3797 923 3847 elius
935 3801 1147 3862 peregrinatone
1158 3801 1300 3851 itinerario
1310 3803 1349 3853 le-

216 3863 325 3912 dremus
346 3861 515 3924 tyrannidem
538 3861 670 3911 affectans
694 3879 753 3912 eum
804 3871 904 3930 guntur
923 3869 965 3915 in:
989 3867 1094 3918 Bliitter
1108 3869 1151 3918 fiir
1167 3869 1271 3924 literar.
1291 3873 1348 3922 Un-

215 3933 304 3997 ipeam
323 3945 456 3995 occupare
467 3931 591 3994 primitus
609 3931 752 3992 studuerit,
803 3935 967 3998 terhultung.
990 3935 1065 3986 1832.
1086 3953 1126 3986 nr.
1144 3937 1205 3990 355.
1229 3957 1256 4004 p.
1279 3941 1347 3990 1498

215 4007 272 4050 tum
292 4000 363 4065 quod
379 4001 500 4063 antiquis
516 3999 545 4047 in
563 4015 634 4048 more
660 3999 753 4063 fuerit,
803 4019 859 4066 ecq.
894 4006 991 4067 Itaque
1010 4009 1125 4069 antiqua
1143 4007 1245 4059 haecce
1269 4011 1345 4074 urbs,

216 4069 344 4120 editiores
364 4069 477 4134 primum
496 4067 571 4117 locos
586 4070 752 4120 communire
802 4073 879 4121 cuius
898 4073 997 4122 Noster
1017 4073 1043 4122 h.
1068 4074 1084 4122 l.
1111 4077 1251 4140 meminit,
1275 4081 1346 4129 bene

214 4145 297 4204 atque
308 4138 439 4198 incolere3
458 4137 529 4185 unde
543 4135 654 4199 fectum,
668 4143 697 4186 ut
710 4153 752 4186 ar·
801 4139 980 4191 discernenda
994 4147 1035 4190 est
1055 4143 1089 4191 eb
1102 4159 1135 4192 ee
1148 4146 1345 4210 Aeginetarnm

215 4225 260 4258 ces
275 4221 467 4272 nonnunquam
483 4205 562 4255 nudis
572 4197 688 4268 verbisr‘p
699 4221 751 4254 πα-
800 4209 883 4270 urbe,
901 4225 973 4274 qnae
986 4211 1021 4258 ad
1034 4226 1107 4260 mera
1120 4213 1210 4276 ipsum
1223 4221 1286 4266 erat
1299 4233 1345 4265 ex.

215 4269 280 4324 λαιὰ
298 4271 378 4334 πόλις
402 4273 628 4340 significarentur.
662 4277 751 4340 Atque
801 4279 1136 4338 structneosermeloeo,
1154 4297 1346 4346 quemreceu.

213 4345 293 4394 huius
306 4347 386 4395 moris
396 4345 518 4409 exempla
529 4345 661 4408 quaedum
675 4345 751 4394 addit
801 4348 854 4395 tior
869 4361 975 4410 quoque
986 4348 1050 4396 urbs
1066 4349 1183 4412 obtinet;
1204 4354 1261 4404 vid.
1276 4355 1347 4406 Lea.

213 4414 370 4474 vndecies,
381 4415 425 4464 cui
437 4420 528 4466 tamen
542 4427 594 4478 quo
607 4415 694 4464 minus
707 4429 750 4464 aa·
800 4415 848 4464 lre:
872 4413 987 4466 'frevele
1001 4416 1029 4465 in
1038 4417 1133 4467 Mersa
1147 4420 1184 4471 11.
1200 4437 1264 4488 pag.
1281 4425 1345 4490 435,
