2958 5010
208 352 268 414 734
638 355 904 420 Heuouo'rr

206 531 338 616 γυναιξὶ
348 529 384 622 δὲ
394 529 449 597 καὶ
460 525 647 619 εὐνούχοισι
662 535 717 602 καὶ
725 528 932 619 ὑποζυγίοισι
941 534 997 602 καὶ
1008 535 1095 619 κυσὶ,
1106 529 1147 602 or}
1156 539 1348 620 λογιζομαι.

202 631 353 721 Ἀνδρών
376 631 408 703 δ’
430 635 575 704 ἐουσέων
595 641 781 706 τοσουτέων
798 635 991 725 μυριάδων,
1012 637 1149 717 κάλλεός
1169 665 1205 705 τε
1224 639 1348 704 εἵνεκα

167 732 168 735 “
207 739 263 806 sol
285 736 450 825 μεγάθεος
474 735 586 818 οὐδεὶς
611 737 722 808 αὐτῶν
748 736 989 829 ἀξιονικότερος
1015 733 1058 830 ἦν
1085 737 1190 810 αὐτοῦ
1205 743 1346 827 ’,Ξέρξεω

208 848 296 930 ἔχειν
309 847 407 909 τοῦτο
421 839 457 909 τό
473 841 601 930 κράτος.
770 910 771 914 ,

143 946 201 1010 188
256 941 315 1014 ’Ὁ
335 945 371 1014 rt
402 943 444 1034 δὴ
465 945 619 1026 ναυτικὸς
647 943 783 1036 στρατός
805 948 880 1014 ἐαεί
899 972 935 1014 τε
954 941 1115 1034 ὁρμηθεὶς
1134 950 1250 1030 ἔπλεε,
1281 946 1342 1012 καὶ

182 1073 184 1078 ’
208 1053 343 1137 κατέσχε
357 1054 414 1138 τῆς
430 1056 627 1140 Μαγνησίης
639 1051 747 1139 χώρης
769 1054 802 1129 ἐς
816 1049 874 1119 τόν
887 1048 1040 1136 αἰγιαλόν
1053 1048 1112 1118 τόν
1125 1047 1248 1136 μεταξό
1262 1055 1342 1115 Κα-

206 1160 372 1242 σθαναίης
384 1179 420 1220 τε
434 1151 546 1233 πόλιος
561 1154 657 1223 ἐόντα
671 1156 726 1222 καὶ
741 1153 911 1241 Σηπιάδος
924 1150 1040 1242 ἆκιης,
1059 1159 1097 1221 αἱ
1108 1154 1171 1241 μὲν
1185 1153 1228 1240 σὴ
1241 1179 1341 1240 αρισ-

205 1285 258 1326 ται
274 1262 341 1326 τῶν
354 1261 442 1325 νεῶν
457 1252 587 1345 ὥρμεον
601 1256 683 1346 πρός
697 1261 756 1348 γῇ,
770 1255 866 1327 ἄλλοι
881 1253 916 1325 δ’
931 1254 983 1326 ἐπ’
997 1261 1145 1346 ἐκείνῃσι
1158 1254 1212 1326 ἐπ’
1226 1252 1340 1343 ἀγκυ-

245 1418 357 1488 ηυναιξὶ
375 1416 406 1472 δὲ
425 1417 471 1470 καὶ
491 1413 651 1488 εὐνούχοισι
663 1451 695 1460 -
709 1415 744 1474 οό
792 1423 855 1475 111σε
867 1427 908 1474 ite
920 1425 1039 1484 stabant,
1061 1428 1091 1473 ut
1106 1429 1168 1472 ooto
1182 1425 1275 1472 essent
1290 1435 1342 1468 ne·
1458 1401 1460 1512 η

205 1489 364 1557 λογίζομαι]
398 1491 457 1541 soil.
481 1489 634 1555 μεδίμνους
654 1493 744 1543 τελεσ-

205 1558 308 1626 μένσυς
337 1553 384 1610 ἐπ’
409 1556 499 1626 ἡμέρῃ
523 1553 642 1629 ἕκόσεη,
671 1566 689 1614 i.
718 1580 741 1614 e.

205 1633 277 1698 quod
300 1647 363 1682 vero
388 1629 420 1694 (s.
443 1637 572 1695 quantum
597 1633 741 1698 frumenti)

206 1701 371 1761 mulieribus,
384 1699 742 1758 eunuchis‚iumentis'ceni-

204 1772 309 1838 busque
318 1770 448 1820 tributum
462 1775 513 1834 est,
520 1771 592 1824 haud
602 1779 741 1840 computo.

204 1837 743 1906 Verbumloysiooliuesupputandi‚e'om·

205 1911 321 1977 putendi
332 1927 355 1962 ε.
370 1911 475 1960 numeri
486 1911 596 1962 ineundi
609 1912 744 1979 signitica-

205 1982 280 2032 tione
301 1981 420 2046 positum
438 1982 561 2033 invenies
578 1999 661 2048 snpre
678 1985 741 2048 VII,

205 2053 239 2104 28
251 2049 314 2104 eoll.
331 2051 395 2114 vn,
411 2049 469 2103 194.
491 2053 529 2116 11,
545 2053 603 2104 145.

240 2113 354 2180 κάλλεός
372 2134 402 2170 re
418 2117 513 2170 eirene
529 2118 576 2172 sei
589 2115 742 2188 μεγάθεος]

206 2191 330 2258 Iungitur
340 2192 392 2243 hoe
406 2207 512 2258 quoque
527 2191 586 2243 loeo
598 2195 742 2256 pulcritudo

206 2267 233 2314 st
245 2265 399 2328 mapniludo,
415 2278 469 2327 qua
486 2267 600 2327 utreque
622 2264 742 2329 eorporis

205 2337 315 2383 constet
333 2335 498 2382 formositas.
539 2333 599 2384 vid.
619 2333 742 2384 united

204 2402 335 2464 111‚1er
352 2403 385 2464 V,
399 2403 440 2452 12.
457 2431 490 2441 -
508 2394 678 2454 αόιοῖυιίεσί
693 2419 741 2469 pro

204 2464 321 2522 αόσέοιν.
339 2465 484 2532 ἀξιόνικος
502 2472 527 2524 h.
542 2471 663 2541 iniquus
680 2474 743 2524 diei-

116 2543 118 2548 '
206 2551 259 2606 tur,
268 2542 314 2618 qui
326 2557 385 2592 oum
399 2541 452 2593 elio
465 2543 497 2593 de
507 2544 623 2594 victorie
632 2550 744 2595 eonten-

205 2612 252 2662 dnt
274 2629 323 2664 nee
343 2614 402 2678 ipse
421 2614 552 2663 victoriae
578 2613 679 2665 honore
702 2616 742 2664 in-

204 2681 302 2748 dignus
315 2687 468 2735 censeatur.
494 2681 681 2746 eoni.1x,2u.
698 2685 741 2735 28.

204 2751 270 2802 rusi
287 2751 441 2818 (Bemerkk.
464 2767 495 2800 zu
512 2753 648 2805 Pessow's
664 2753 743 2805 11161·-

206 2823 272 2872 terb.
294 2838 356 2888 pag.
372 2818 415 2885 18)
440 2823 549 2886 exponit
567 2823 678 2887 clipeum,
701 2825 744 2889 qui

203 2894 328 2954 inperium
344 2892 460 2942 obtinent.

325 3063 392 3114 Cir.
411 3061 609 3112 CLXXXVIII.

238 3158 362 3232 κατέσχε]
382 3165 524 3222 Vid.1nott.
538 3165 573 3216 ud
585 3169 633 3230 vl,
649 3168 696 3219 101
714 3175 741 3220 et

202 3235 235 3286 ds
255 3237 412 3288 Cestianum
433 3252 465 3288 ee
488 3237 598 3301 Sepiade
616 3244 685 3291 nott.
706 3239 741 3290 sd

201 3305 333 3367 V11‚183.

237 3367 346 3438 οῒρμεσν
362 3372 434 3440 πρὸς
451 3376 498 3446 γῇ]
528 3370 627 3442 ὁρμεῖν
645 3379 740 3443 (etalio-

202 3461 255 3495 nem
268 3445 374 3511 labere)
390 3453 479 3500 exstet
498 3465 605 3514 quoque
620 3450 684 3512 Vll,
697 3453 738 3502 21.

203 3514 260 3567 189.
278 3517 353 3567 Alios
365 3517 440 3568 locos
451 3517 505 3569 vid.
521 3518 619 3568 allatos
633 3521 662 3568 in
670 3519 739 3571 'l'he-

202 3601 275 3636 seur.
288 3587 368 3652 Ling.
384 3589 520 3642 Greeo.V.
536 3605 599 3653 perp.
614 3589 682 3640 2210
697 3589 738 3640 ed.

201 3655 326 3706 Dindorl.
350 3651 422 3721 πρός
436 3655 471 3724 γῇ
486 3657 552 3708 deut
565 3658 739 3710 Florentinus

201 3741 234 3776 ee
251 3731 306 3776 tres
325 3727 372 3776 elii
392 3729 485 3782 oodd.;
506 3728 553 3778 elii
579 3721 650 3791 πρὸς
670 3729 736 3794 νῆας

202 3795 367 3849 Euststhius
376 3797 443 3849 bueo
454 3798 542 3848 eitsns
554 3797 589 3848 ed
598 3799 634 3849 II.
644 3799 737 3864 peto.

200 3869 217 3917 4
238 3881 260 3918 s.
281 3865 341 3930 919,
355 3867 388 3916 21
412 3859 484 3930 πρός
499 3861 552 3932 τὴν
574 3867 645 3933 priv:
669 3871 739 3920 unde

200 3936 370 4004 wesseling,
384 3937 493 3990 Schnei.
508 3945 535 3988 et
545 3938 680 3992 Matthiae
695 3939 741 3992 de-

791 1495 865 1544 vium
882 1496 973 1545 series.
1002 1495 1034 1542 ln
1049 1493 1147 1557 quibus
1160 1491 1341 1558 potissimum

792 1579 846 1614 vex
859 1555 1026 1628 πρόισσσαι,
1037 1579 1117 1627 quem
1131 1577 1215 1628 supra
1224 1563 1280 1610 iem
1294 1560 1341 1608 in-

791 1634 913 1686 venimus
929 1633 978 1696 lv,
994 1635 1042 1682 152
1057 1631 1116 1697 (ubi
1128 1633 1182 1684 vid.
1196 1629 1294 1693 nott),
1311 1637 1340 1678 et

791 1703 827 1753 sd
840 1719 919 1768 quem
932 1702 1119 1768 explicandum
1134 1701 1252 1752 efferunt
1268 1715 1341 1764 qno-

791 1787 869 1839 quee
884 1772 1063 1837 Theophrast.
1081 1773 1123 1822 De
1135 1786 1206 1822 sens.
1226 1771 1269 1834 re,
1285 1771 1341 1820 680

792 1839 935 1899 συνδέσεις
947 1837 1134 1906 προκρόσσας,
1145 1843 1262 1906 itemque
1274 1839 1340 1889 Sui-

791 1913 852 1962 dem
860 1929 883 1963 s.
891 1929 918 1965 v.
926 1911 1082 1963 Herodotee
1089 1911 1253 1962 excitantem
1264 1909 1339 1958 mul-

792 1988 849 2032 tum
863 1985 984 2033 exerenti
1002 1983 1172 2047 interpretes.
1199 1979 1338 2030 Aemilius

791 2053 889 2102 Portus
918 2051 1201 2112 intellexeramus,
1228 2063 1338 2115 quarm

789 2137 886 2184 prorae
898 2130 974 2185 ponto
985 2123 1106 2173 obversae
1118 2115 1206 2181 ανόιιι,
1224 2135 1279 2167 cun
1296 2135 1339 2168 re·

789 2193 871 2257 liquae
894 2195 1026 2243 elaborem
1052 2193 1088 2241 uri
1108 2192 1166 2240 liius
1200 2189 1338 2250 luberent,

791 2277 861 2327 quae
886 2261 970 2327 igitur
995 2263 1024 2312 in
1052 2261 1171 2312 ordinem
1198 2264 1337 2324 perpetue

792 2331 1003 2397 (octonarium)
1025 2332 1095 2382 serie
1115 2337 1180 2380 sunt
1196 2331 1338 2394 digestae,

791 2402 832 2451 ite
848 2407 878 2452 ut
896 2417 987 2452 esrum
1008 2415 1114 2466 prorae,
1131 2400 1337 2464 recepitne.

792 2472 904 2531 frontes,
917 2473 1102 2538 prominentes
1126 2469 1211 2519 eitum
1232 2483 1337 2520 versus

791 2547 928 2607 spectent,
944 2547 1059 2607 paratae
1072 2541 1106 2592 sd
1125 2538 1336 2605 impressionem

792 2607 1246 2662 ieoiendemintrostilemelns'sem.
1263 2609 1336 2659 Nem

791 2683 878 2745 prima
893 2683 1000 2730 navium
1014 2681 1114 2744 series,
1135 2693 1204 2744 quae
1215 2679 1252 2728 ed
1266 2678 1336 2728 litus

790 2753 876 2816 ipsum
901 2752 1046 2802 etstionem
1067 2749 1201 2812 habebnt,
1225 2763 1336 2814 prem,

792 2822 902 2886 opinor,
924 2821 1041 2872 imbebet
1060 2824 1088 2871 in
1101 2825 1201 2870 terrem
1218 2834 1335 2870 conver·

791 2905 850 2956 ses,
866 2893 983 2958 reliquae
999 2905 1082 2942 naves
1095 2895 1158 2956 post
1172 2887 1236 2938 illes
1250 2888 1336 2938 collo·

791 2969 871 3012 estne
888 2963 1026 3012 hebebant
1039 2975 1133 3026 proras
1146 2973 1220 3008 mere
1235 2971 1335 3009 versus

791 3037 957 3096 spectantes.
976 3033 1070 3098 Neque
1083 3045 1148 3081 vero
1164 3027 1232 3078 haee
1249 3029 1336 3079 inter·

790 3104 918 3166 protetio,
932 3116 1011 3167 quem
1025 3102 1105 3152 etiem
1120 3100 1245 3164 sequitur
1256 3099 1335 3148 Wes-

790 3171 931 3238 selingius¹
947 3173 1034 3222 citans
1046 3171 1155 3222 Homer.
1164 3168 1206 3218 lli.
1215 3167 1291 3227 xlv,
1299 3169 1332 3219 31

791 3241 1015 3307 ibiqueEuststlr.
1029 3249 1055 3292 et
1064 3239 1162 3292 Athen.
1175 3239 1197 3288 1.
1212 3237 1281 3302 pto
1288 3241 1332 3300 A„

791 3327 924 3378 quemque
942 3313 1024 3363 etiem
1040 3316 1162 3363 secutum
1176 3323 1237 3360 esse
1251 3308 1333 3358 video

790 3383 903 3434 tiennel.
917 3381 966 3433 1.1.
985 3397 1047 3448 pag.
1061 3382 1120 3442 702,
1134 3381 1253 3444 itemque
1264 3379 1332 3428 Ler-

788 3448 1333 3518 cherumselieugiumpstiseseevidetur

789 3521 1060 3587 Schweighaeusero,
1084 3525 1129 3586 qui
1150 3513 1331 3580 προκρόσσας

790 3589 853 3649 νέας
868 3592 985 3659 intelligi
997 3591 1100 3644 mavult
1114 3607 1198 3642 neres
1213 3588 1330 3640 colloce-

788 3668 832 3711 σοι
844 3677 897 3725 pur
909 3663 1035 3724 eolrelonr,
1053 3669 1083 3712 ut
1098 3661 1170 3713 Galli
1184 3663 1276 3722 siunt,
1296 3675 1330 3722 ι,

789 3738 818 3782 ut
832 3733 926 3784 Latini
940 3734 1044 3795 dieunt,
1055 3735 1079 3783 ιἰι
1094 3735 1250 3798 mueronem
1262 3732 1332 3782 loce-

787 3811 837 3866 tur,
854 3805 894 3853 ite
905 3808 935 3854 nt
946 3803 979 3854 de
988 3808 1050 3854 octo
1061 3803 1183 3854 seriebus
1193 3817 1216 3852 s.
1231 3800 1331 3850 ordini-

789 3873 849 3934 bus,
867 3889 933 3940 quos
947 3875 971 3926 N
974 3877 1048 3925 oeter
1060 3877 1260 3933 commemoret,
1272 3873 1331 3935 qui·

788 3941 857 3994 libet
873 3945 938 3994 ordo
957 3943 1079 3994 anterior
1094 3959 1149 3994 une
1164 3943 1227 3993 nesi
1242 3942 1330 3990 minor

201 4005 298 4058 (lerunt
320 4003 392 4071 πρὸς
414 4005 449 4075 τῇ
466 4003 509 4071 γῇ.
539 4009 604 4059 Loci
630 4025 738 4062 sensum
789 4029 810 4063 s.
828 4014 936 4065 brevior
955 4014 1039 4064 luerit
1060 4029 1140 4079 quem
1160 4027 1331 4078 consequens

201 4077 323 4142 equidem
350 4079 421 4130 hune
442 4093 502 4128 esse
529 4084 606 4140 puto:
643 4083 741 4142 primae
789 4085 854 4134 ordo
868 4089 953 4150 utque
965 4084 1034 4134 adeo
1046 4083 1131 4135 veluti
1141 4083 1272 4148 trianguli
1285 4096 1331 4131 ee-

200 4162 276 4198 νσιεε
295 4150 422 4200 stationem
438 4145 563 4197 latebant
583 4149 620 4197 ed
636 4156 738 4216 terram,
789 4152 914 4218 quiieteri
945 4154 1029 4219 (nuno
1061 4155 1167 4219 quidem
1197 4151 1330 4214 truncati)

200 4219 266 4266 oliae
284 4233 344 4268 vero
366 4233 442 4269 neser
466 4219 581 4270 contineo
600 4228 660 4282 post
681 4223 739 4271 illes
789 4223 902 4274 formem
927 4223 1050 4274 retulerit
1070 4225 1199 4274 universe
1223 4221 1330 4272 classis.

198 4287 334 4339 collocatae
352 4291 378 4338 in
391 4291 491 4339 ancoris
503 4297 578 4338 erant
594 4292 627 4350 (s.
640 4293 738 4342 statio·
790 4293 868 4356 Quod
887 4293 953 4344 mihi
968 4294 1119 4360 speciosius
1137 4308 1218 4360 quam
1236 4291 1329 4342 verius

199 4369 259 4404 nem
272 4356 434 4424 bebebent);
450 4373 553 4422 numque
565 4371 613 4408 ονα
624 4375 677 4410 oum
688 4377 738 4412 non
788 4363 911 4425 videtur,
927 4369 1089 4430 'quemquem
1105 4363 1246 4414 Reiskium
1265 4375 1330 4426 quo-

197 4433 246 4474 iem
261 4427 311 4478 lore
323 4435 432 4492 poteret,
444 4432 531 4491 proris
544 4433 610 4482 mori
627 4430 738 4482 συνουσία
788 4448 839 4498 que
857 4433 902 4484 hie
919 4433 1071 4500 intelligere
1089 4433 1167 4486 rideo
1187 4445 1273 4482 neves
1289 4446 1331 4484 re·
