3010 4966
462 367 829 430 TERPSIOHORE.
852 372 890 430 V.
908 381 953 433 81.
974 380 1018 432 81.
1246 373 1305 432 153

171 551 364 626 Βοιωτοῖσι,
381 538 628 622 ἐπιπλώσαντες
641 547 786 630 μακρῇσι
799 546 897 632 νηυσὶ
913 546 945 622 ἐς
960 540 1020 630 τὴν
1037 539 1200 632 Ἀττικὴν,
1225 544 1322 626 κατὰ,

171 647 233 734 μὲν
255 652 381 732 ἔσυραν
403 643 579 731 Φάληρον,
607 643 690 713 κατὰ
714 646 749 714 δὲ
773 649 830 733 τῆς
849 643 950 740 ἄλλης
976 656 1139 735 παραλίης
1164 647 1307 729 πολλοὺς

173 749 313 838 δήμους·
341 752 514 826 ποιεῦντες
529 747 565 816 δὲ
580 753 683 816 ταῦτα
697 748 846 837 μεγάλως
866 747 1064 836 Ἀθηναίους
1078 754 1236 820 ἐσίνοντο.

242 847 284 918 Ἡ
306 852 342 920 δὲ
363 859 467 939 ἔχθρη
483 847 504 938 ἡ
518 850 782 940 προοφειλομένη
802 856 835 932 ἐς
855 849 1052 940 Ἀθηναίους
1073 856 1193 922 ἐκτῶν
1208 861 1354 940 Atys-82

171 953 301 1044 νητὲων
315 954 445 1042 ἐγένετο
461 957 494 1036 ἐξ
512 950 614 1041 ἀρχῆς
634 960 774 1042 τοιῆσδε.
814 952 1053 1044 Ἐπιδαυρίοισι
1073 951 1093 1043 ἡ
1114 961 1156 1044 γη
1175 955 1305 1042 καρπὸν

170 1055 273 1128 οὐδὲν
290 1055 458 1127 ἀνεδίδου.
494 1057 570 1144 περί
588 1057 709 1144 ταύτης
730 1048 778 1126 οἷν
792 1063 848 1145 τῆς
869 1063 1041 1146 συμφορῆς
1054 1064 1089 1128 ol
1103 1055 1307 1146 Ἐπιδαύριοι

119 1165 342 1250 113ἐχρέωντο
362 1165 400 1230 ἐν
414 1167 593 1248 Δελφοῖσι·
620 1157 640 1248 ἡ
662 1161 697 1230 δὲ
712 1169 830 1250 Πυθίη
852 1165 956 1248 σφέας
976 1155 1107 1231 ἐλέλευε
1122 1172 1252 1254 Δαμίης
1272 1191 1307 1232 τε

173 1365 233 1414 Ηοο
249 1377 281 1413 eo
299 1365 421 1427 spectat,
440 1361 512 1426 quod
525 1377 557 1411 ex
576 1361 633 1412 iure
648 1362 718 1411 anti·
769 1358 816 1409 σία
839 1354 1069 1426 προδφειλομένη
1092 1363 1163 1428 apud
1183 1363 1307 1428 Thucyd.

173 1449 235 1498 qrro,
250 1433 273 1480 si
286 1448 338 1497 pax
354 1437 435 1496 rupta
449 1437 532 1496 esset,
543 1435 606 1480 ante
618 1431 716 1480 bellum
768 1433 791 1482 1.
804 1431 838 1481 32
853 1437 895 1482 est
908 1431 1085 1492 beneficium,
1104 1433 1175 1496 quod
1190 1437 1251 1497 quia
1265 1433 1310 1484 de·

174 1505 312 1566 iul-eptam
344 1501 451 1566 legatos
482 1502 540 1550 sive
569 1517 717 1564 praecones
768 1501 814 1550 bet
829 1501 910 1550 alteri
924 1503 1086 1564 promeritis
1098 1503 1125 1550 in
1139 1517 1167 1552 se
1180 1508 1262 1552 antea
1274 1503 1309 1552 ab

175 1573 245 1621 mitti
258 1572 300 1620 las
312 1577 379 1622 erat.
394 1571 493 1636 quires
506 1576 718 1634 repeterentaut
769 1570 814 1619 illo
834 1570 953 1622 collatis.
993 1570 1124 1620 Similiter
1142 1571 1167 1620 h.
1191 1571 1207 1619 l.
1230 1571 1309 1636 vulgo

175 1643 236 1691 lites
253 1645 362 1692 exortas
383 1655 414 1690 cx
436 1639 494 1689 iure
512 1643 715 1704 componerent.
768 1640 840 1689 haud
864 1641 905 1688 ita
925 1638 995 1689 male
1021 1639 1128 1704 quidem
1148 1639 1310 1704 intelligitur

174 1710 290 1774 Quodsi
305 1711 517 1766 noneucceasit.
533 1714 597 1759 tunc
611 1709 716 1758 demum
767 1718 886 1761 aetrastnnr
909 1710 1085 1772 Aepirretararn
1102 1711 1126 1758 in
1145 1711 1311 1760 Athenienses

174 1786 322 1832 eseterum
336 1782 395 1830 iare
408 1795 484 1828 arma
496 1778 621 1829 hostibus
637 1779 717 1830 iut'er-
768 1781 865 1835 aaia'arn,⁸
881 1779 1007 1828 subtilius
1019 1795 1083 1829 vero
1094 1780 1118 1828 si
1130 1783 1253 1844 spectes,
1269 1785 1311 1830 est

175 1867 203 1900 re
227 1849 315 1902 licuit,
355 1849 487 1898 (1οη00.
511 1849 717 1900 ussermann:
768 1849 848 1898 oaliran
863 1849 1053 1898 Atheniensibus
1069 1848 1173 1899 delitum
1188 1849 1219 1900 αλι
1235 1850 1309 1913 Αερί-

174 1920 281 1969 Griech.
298 1917 506 1969 Staatsalterth.
527 1921 551 1980 §-
569 1919 608 1968 10.
628 1917 716 1971 not.3
767 1921 832 1968 netis
852 1917 968 1980 (odium,
990 1935 1041 1982 quo
1065 1920 1214 1981 Aeginetae
1240 1918 1311 1967 haud

175 1990 218 2040 ed.
235 1986 539 2054 quart.‚tvaehsnuth:
560 1987 718 2038 Hellen.Al-
769 1989 902 2036 immerito
915 1988 1151 2052 prosequebantur
1165 1988 1312 2038 Athenien-

176 2057 336 2108 terthnmsla.
346 2058 367 2110 l.
380 2073 440 2122 pag.
453 2057 500 2107 184
510 2057 551 2104 ed.
566 2072 630 2116 sec„
644 2059 718 2106 Leu-

176 2133 250 2178 rent:
281 2127 403 2177 Histoire
432 2127 469 2176 du
490 2127 564 2175 droit
582 2127 630 2178 des
651 2141 717 2192 gens

768 2057 824 2120 see)
839 2057 868 2104 ob
883 2059 990 2108 iniurias
1004 2056 1035 2106 ab
1049 2059 1099 2107 iilis
1108 2061 1181 2120 priua
1194 2058 1242 2107 sihi
1255 2060 1312 2107 itta·

768 2135 817 2178 tas.
843 2125 961 2175 Similem
974 2127 1109 2190 quandam
1120 2127 1253 2176 rationem
1264 2127 1312 2176 ha·

176 2198 277 2263 (Gand.
291 2195 379 2260 1850.)
394 2195 430 2246 ll.
443 2211 503 2260 pag.
522 2195 572 2245 130
585 2213 642 2260 seq.
669 2196 717 2245 Cr.

176 2269 211 2317 sd
225 2267 249 2316 h.
262 2265 279 2314 1.
297 2267 365 2316 Ιιαεο
378 2265 540 2330 adscripsit:
561 2265 644 2322 ..vid
658 2265 718 2314 Ste-

175 2337 257 2402 phan.
273 2336 354 2386 Thes.
374 2351 400 2398 p.
414 2335 480 2385 4071
498 2333 539 2383 ed.
553 2335 632 2398 l'alp.
657 2333 719 2382 Alia

177 2406 339 2472 significatio
356 2403 539 2467 implacabilis
554 2421 575 2456 a.
597 2404 719 2468 perpetui

177 2477 241 2526 belli
256 2480 298 2524 eat
314 2475 396 2525 etiarn
417 2473 525 2524 l‘lotino
542 2489 596 2522 nou
615 2475 719 2536 ignota.

176 2545 240 2593 vid.
255 2546 324 2594 Eun.
340 2543 390 2601 111,
405 2545 430 2592 ’2.
448 2545 488 2594 15.
506 2558 567 2607 pag.
579 2543 669 2594 2008.
684 2544 721 2593 ci.

178 2617 237 2666 Ast.
261 2615 293 2662 ad
308 2614 415 2663 Platon.
429 2614 511 2676 Iaegg.
532 2612 553 2662 1.
573 2629 634 2677 pag.
660 2613 720 2667 tt.‘⁸

177 2679 324 2738 ἄσπονδος
347 2678 394 2729 sal
412 2673 572 2744 ἀκήρυκτος
600 2679 722 2744 πόλεμος

177 2751 317 2804 Plutarch.
333 2751 431 2801 l'ericl.
446 2749 680 2802 seroltmunt.
696 2755 719 2804 1.

179 2821 356 2873 Deruostben.
370 2837 418 2885 pro
433 2821 540 2870 Corona
554 2837 578 2884 p.
594 2823 654 2873 314.
671 2825 722 2872 Lu-

179 2894 250 2941 cian.
265 2893 368 2940 Piscat.
386 2891 429 2940 30.
454 2889 513 2939 Add
540 2891 673 2942 Lothhola
687 2893 721 2941 sd

179 2961 277 3012 Basilii
294 2965 364 3009 orat.
381 2975 439 3023 enp.
455 2961 479 3008 l.
496 2975 556 3024 pag.
572 2962 605 3012 40
621 2966 648 3011 et
665 2962 721 3012 vid.

179 3031 261 3082 Thes.
282 3031 362 3094 Ling.
383 3028 479 3082 Gracc.
501 3029 523 3078 Ι.
548 3045 571 3092 p.
594 3031 660 3082 1200
679 3031 720 3080 ed.

179 3099 306 3150 Dindort.

214 3183 338 3250 μακρῇσι
352 3179 448 3248 νηυσὶ]
467 3183 553 3234 tiones
569 3183 722 3250 intelligun-

179 3261 223 3304 tur
252 3269 305 3304 nou
333 3260 389 3302 tarn
420 3253 553 3302 mercibus
582 3254 722 3317 vehendis,

180 3341 252 3390 qaam
262 3324 350 3374 bellico
361 3325 417 3372 rasni
425 3323 577 3374 destinatae.
600 3323 641 3372 Cl.
654 3331 722 3373 nott.

181 3395 215 3444 ad
231 3395 253 3455 Ι,
266 3395 292 3446 2.
323 3393 365 3444 Ad
380 3393 462 3443 rerba
478 3384 562 3440 κατὰ
578 3385 630 3455 μὲν
647 3387 722 3442 e'on·

181 3479 244 3523 ραν
258 3463 295 3513 ei.
309 3469 379 3513 nott.
396 3463 428 3512 ad
444 3461 480 3516 ΙΙ,
494 3461 528 3512 30
539 3461 572 3512 de
585 3463 663 3512 tareni
677 3463 722 3512 hic

181 3534 272 3584 obvia.
311 3532 381 3584 Add.
407 3531 529 3581 Fischer.
556 3532 590 3581 ad
612 3532 722 3583 Weller.

182 3604 233 3654 111.
250 3619 312 3668 pag.
328 3602 387 3654 306.
418 3603 482 3652 Mox
502 3617 550 3666 pro
565 3601 634 3652 mele
651 3603 723 3666 vulg.

181 3664 325 3722 λσινέοντο
349 3669 411 3720 dedi
437 3685 496 3720 cum
522 3677 635 3725 recenti.
663 3671 723 3722 edd.

181 3733 321 3807 ἐσίνοντο,
337 3745 368 3792 nt
383 3741 509 3806 1V‚1·23‚
524 3741 570 3790 ubi
585 3743 640 3792 vid.
655 3747 725 3794 nott.

342 3931 409 3983 Car.
428 3932 566 3983 LXXXII.

212 4059 248 4118 Ἡ
270 4064 301 4118 dl
321 4063 413 4134 ἔχθρη
440 4064 458 4134 ἡ
484 4063 724 4136 προοφειλομένη]

183 4138 430 4202 „araneantes
446 4141 546 4191 dicitur
560 4141 603 4200 id,
625 4142 695 4206 quod
709 4157 726 4190 a

769 2197 815 2244 bet
825 2210 890 2244 usne
901 2195 976 2243 verbi
988 2192 1191 2254 προαιδείσθαι
1203 2194 1247 2261 [δε
1257 2212 1310 2260 (μιο

769 2265 870 2314 eldad
883 2265 934 2326 ΙΙΙ,
949 2263 1040 2328 ΙΙο].“
1063 2263 1312 2329 Schweighaeu-

770 2351 831 2385 ser.
854 2335 881 2382 in
893 2335 985 2382 Lexie.
1001 2333 1132 2382 Herodot.
1151 2335 1189 2386 ΙΙ.
1208 2351 1233 2398 p.
1250 2335 1311 2384 stu.

772 2403 851 2455 cont.
864 2402 985 2467 Xenoph.
1005 2401 1111 2452 Hellen.
1127 2405 1154 2464 1,
1168 2403 1198 2464 b,
1212 2405 1235 2451 7.
1259 2403 1312 2451 De-

773 2473 904 2524 nrosthen.
917 2471 1013 2537 putu.
1027 2472 1068 2523 18.
1094 2472 1191 2536 Negris
1203 2473 1315 2535 exponit

773 2539 1059 2606 προχρειοστουμένη,
1092 2540 1125 2591 de
1153 2543 1214 2606 ipsa
1241 2540 1313 2590 locu-

774 2614 847 2662 tione
861 2613 985 2662 excitans
997 2611 1136 2676 Aristoph.
1149 2612 1199 2660 Av.
1217 2611 1241 2656 tt.
1260 2611 1314 2659 Eu·

774 2681 855 2746 ripid.
877 2682 1000 2746 Iphigeu.
1020 2681 1103 2730 Tanr.
1121 2679 1181 2730 523.
1205 2681 1313 2731 lleracl.

774 2754 834 2802 241.
859 2751 937 2802 Unde
956 2753 1025 2800 satis
1042 2749 1211 2814 intelligitur,
1229 2762 1316 2813 προσ-

773 2815 961 2884 οφειλομένη,
984 2819 1055 2884 quod
1071 2819 1114 2869 hic
1130 2820 1182 2869 duo
1199 2818 1317 2870 afferunt

773 2889 850 2941 codd.
868 2891 910 2956 (ut
923 2899 997 2940 oracta
1009 2889 1066 2941 scil.
1079 2891 1215 2953 cogitetur
1227 2889 1315 2938 inimi-

774 2961 852 3022 citia,
867 2959 928 3010 coll.
942 2961 991 3022 Vl,
1005 2959 1061 3024 so),
1077 2963 1162 3023 recipi
1174 2959 1314 3024 haudqua-

775 3047 853 3096 quam
866 3047 961 3094 posse,
977 3044 1054 3090 cum,
1076 3035 1107 3078 ut
1120 3029 1190 3079 vidit
1208 3045 1314 3094 quoque

774 3099 907 3160 Wessel,‚
931 3099 1049 3165 pristina
1068 3099 1226 3158 inimicitia,
1245 3113 1315 3162 qnae

774 3171 923 3234 Aeginetae
949 3173 976 3219 et
1000 3168 1180 3219 Athenienses
1204 3168 1315 3218 collide-

773 3240 835 3289 bat.
848 3238 1036 3288 consideretur
1048 3243 1079 3286 ut
1093 3245 1171 3288 vetas
1185 3237 1315 3288 debitum.

774 3337 807 3344 -
822 3309 854 3358 In
868 3324 942 3370 seqq.
963 3323 1011 3370 pro
1030 3304 1144 3369 τοιῆσδε
1163 3308 1190 3356 in
1206 3307 1317 3371 quibus-

774 3379 835 3428 dam
855 3377 932 3428 codd.
948 3373 1060 3436 τοιηδε;
1088 3377 1134 3440 qui
1153 3376 1234 3425 iidem
1255 3393 1317 3426 mox

775 3440 873 3496 latona
886 3462 934 3511 pro
946 3440 1090 3495 ἀνεδίδου.
1104 3473 1135 3481 -
1148 3447 1180 3495 ln
1194 3462 1269 3512 seqq.
1281 3445 1316 3494 ad

775 3508 911 3580 ἐχρέωντο
935 3514 965 3580 (ἰ.
983 3530 1007 3567 s.
1024 3515 1231 3578 sciscitabantur,
1260 3531 1317 3565 ron·

775 3585 891 3636 sotebant
903 3587 1040 3649 orucalarn)
1054 3585 1126 3635 conf.
1143 3585 1189 3648 lV,
1210 3587 1257 3636 150
1267 3586 1317 3634 ibi-

777 3671 829 3722 que
845 3660 914 3704 nott.
1055 3713 1061 3728 ·

807 3723 918 3788 Δαμίης
928 3737 954 3771 τε
966 3719 1010 3772 sal
1021 3721 1165 3787 Δι·ξησιής
1174 3713 1317 3786 &adipata

777 3787 963 3858 iactassent]
986 3795 1126 3844 Pertiuent
1147 3793 1198 3842 hue
1214 3793 1317 3842 scholia

776 3865 907 3915 Aristidis
926 3879 943 3914 a
958 3863 1089 3916 tarcian.
1112 3879 1144 3914 ex
1167 3867 1244 3938 pngte
1259 3861 1317 3911 vul-

776 3939 887 4000 galaat
907 3933 1013 3998 plenius
1032 3933 1106 3983 edita
1125 3949 1141 3980 a
1155 3929 1317 3980 Frommelio

777 4021 840 4070 pag.
853 4004 896 4055 73.
911 4003 963 4054 ‘230
975 4001 1034 4068 (ubi
1046 4019 1094 4067 pro
1108 3999 1219 4062 Δαμίης
1234 4015 1318 4063 prave

776 4077 906 4138 seriptum
928 4070 1050 4132 Triuiae,
1076 4071 1149 4120 acsi
1173 4069 1224 4118 dea
1246 4073 1318 4118 esset

776 4145 951 4198 distributrix.
973 4138 1160 4204 dispensatrice)
1186 4137 1247 4188 coll.
1271 4139 1318 4188 Ze-

182 4209 261 4260 nobis
277 4209 359 4258 alieni
378 4210 490 4261 debetur
508 4209 591 4276 (quod
610 4227 659 4260 nos
681 4211 727 4260 de-
775 4214 837 4266 nob.
855 4210 1183 4276 1V,·200tp0nsstmnm
1199 4209 1318 4260 Pausan.

181 4279 276 4330 bemus
296 4278 390 4340 alteri,
417 4280 489 4344 quod
507 4279 628 4330 alter‘de
647 4279 725 4330 nobis
775 4283 820 4346 ΙΙ,
843 4283 885 4334 30.
912 4285 936 4344 ξ.
956 4283 971 4331 5
995 4285 1022 4330 et
1040 4279 1084 4338 ΙΙ,
1104 4277 1146 4327 32.
1168 4281 1192 4341 §.
1216 4280 1247 4341 2,
1272 4279 1318 4328 ubi

182 4347 356 4414 commeruit)
367 4349 402 4399 ob
414 4365 538 4414 ea,qnne
548 4349 583 4399 ab
594 4349 640 4400 illo
650 4349 724 4414 priua
775 4353 986 4403 Troezeniorum
1010 4349 1123 4398 atlertur
1147 4347 1236 4412 tama,
1263 4350 1319 4400 Da-

183 4418 211 4468 in
230 4434 281 4470 uos
299 4418 526 4485 prolectaerent.
558 4410 723 4484 Siceieppr-
775 4423 856 4472 mium
879 4427 963 4486 atque
984 4418 1130 4471 Auxesiam
1161 4419 1280 4488 virgines
1304 4437 1319 4472 s
