3010 4966
211 367 270 434 130
641 363 910 428 HERODO'PI

210 549 361 632 ἐποίησε,
384 543 465 612 δέκα
486 539 522 610 δὲ
542 537 695 620 καὶτοὺς
717 540 842 631 δήμους
857 541 1017 627 κατένεμε
1031 541 1064 618 ἐς
1079 535 1136 618 τὰς
1149 535 1267 625 φυλάς.
1302 526 1344 627 ἦν

210 675 264 736 τε,
289 645 348 716 τὸν
369 650 474 734 δῆμον
493 647 738 734 προσθέμενος,
759 648 872 735 πολλῷ
892 642 1082 730 κατύπερθε
1103 645 1170 710 τῶν
1189 638 1342 710 ἀντιστα-

10 795 18 822 ι
163 755 366 822 λθσιωτέων.
402 746 456 818 Ἐν
470 753 516 840 τῷ
530 751 624 838 μέρει·
637 748 673 816 δὲ
688 748 885 837 ἑσσούμενος
900 743 917 814 ὁ
936 744 1102 834 Ἰσαγόρης
1115 742 1343 832 ἀντιτεχνᾶται

210 854 298 924 τάδε.
333 855 538 924 ἐπικαλέεται
558 853 748 939 Κλεομένεα
770 849 829 920 τὸν
849 849 1132 938 Λακεδαιμόνιον,
1160 848 1343 938 γενόμενον

210 961 324 1048 ἑωυτῷ
350 962 460 1040 ξεῖνον
486 953 550 1025 ἀπὸ
572 959 629 1044 τῆς
642 957 945 1044 Πεισιστρατιδέων
971 960 1170 1041 πολιορκίης.
1209 951 1269 1021 τὸν
1296 954 1395 1024 δδσοτ

209 1063 400 1149 Κλεομένεα
421 1059 487 1147 εἶχε
502 1066 590 1147 αἰτίη
611 1062 732 1145 φοιτᾶν
746 1056 836 1148 παρὰ
850 1061 910 1125 τοῦ
929 1053 1101 1146 Ἰσαγόρεω
1116 1054 1176 1143 τὴν
1189 1073 1341 1143 γυναῖκα.

209 1225 365 1278 Polemonis
373 1226 530 1278 testimonio
540 1241 584 1290 ep.
594 1223 684 1276 Schol.
693 1223 752 1274 Ari·
802 1222 877 1274 nullo
887 1237 954 1273 sune
966 1222 1021 1273 elio
1032 1222 1092 1274 loco
1103 1222 1212 1274 obvium
1225 1239 1275 1273 nec
1285 1223 1341 1274 ullo

210 1297 300 1361 stoph.
319 1297 371 1348 Av.
395 1296 447 1348 645
472 1295 566 1360 colligi
589 1310 669 1358 posse
693 1293 751 1344 vult
802 1293 857 1343 elio
885 1293 984 1343 veteris
1015 1294 1156 1358 scriptoris
1185 1295 1342 1344 testimonio

210 1365 280 1417 idem
295 1366 337 1415 vir
355 1365 462 1417 doctus.
496 1366 555 1427 Quo
571 1365 658 1429 magis
672 1364 750 1412 mire·
802 1363 944 1428 probatum
956 1363 1108 1426 invenitur,
1121 1377 1182 1412 cum
1192 1365 1238 1428 qui
1250 1364 1342 1427 singu·

209 1436 247 1486 ris
258 1435 379 1486 Curtium
395 1436 423 1484 in
435 1435 508 1485 Hiet.
518 1433 616 1484 Graec.
627 1434 649 1482 l.
662 1447 688 1496 p.
699 1432 749 1482 312
801 1434 835 1484 lis
849 1433 971 1482 tribubus
985 1447 1006 1482 s.
1022 1433 1125 1496 φυλαῖς
1139 1433 1272 1497 praefecti
1285 1434 1343 1482 lue·

210 1506 249 1555 sic
266 1504 443 1566 scribentem,
467 1509 498 1552 ut
515 1518 545 1552 re
559 1517 625 1553 vere
641 1509 750 1552 centnm
802 1503 873 1564 rint,
887 1503 978 1552 vocsti
989 1493 1210 1565 εἰατέπιμελεταλ
1223 1499 1278 1550 τῶν
1289 1517 1342 1565 φυ-

210 1573 303 1623 demos
322 1578 380 1622 tum
400 1572 543 1622 institutos
565 1576 592 1621 et
611 1572 639 1620 in
657 1571 750 1620 decem
801 1568 871 1628 λα’ν,
887 1572 920 1621 de
934 1572 1032 1637 quibus
1044 1571 1097 1622 rid.
1109 1571 1285 1622 Schoemsuu.
1298 1573 1340 1622 De

210 1641 306 1706 phyles
326 1643 366 1691 ite
380 1641 542 1692 distributos
560 1645 699 1706 putemus,
719 1645 750 1689 ut
801 1643 904 1692 comitt.
912 1657 937 1706 p.
945 1636 1154 1704 369,φυ’λαρχσι
1166 1647 1257 1691 eutem
1268 1641 1340 1706 upnd

209 1711 284 1761 nulle
294 1710 416 1762 locorum
425 1712 453 1760 in
462 1711 504 1761 his
513 1712 584 1760 retis
597 1711 633 1759 sit
645 1709 750 1772 habite,
801 1711 873 1761 solos
887 1711 1057 1774 reperiantur
1070 1711 1186 1775 equites.
1210 1712 1255 1760 Ite
1270 1712 1340 1760 enim

210 1781 259 1831 sed
270 1780 340 1830 demi
353 1779 468 1831 divorsis
484 1779 552 1830 locis
566 1780 613 1829 siti
626 1781 655 1828 iu
670 1795 750 1830 unam
800 1780 962 1830 Aristoteles
988 1795 1052 1845 pag.
1075 1783 1110 1831 80
1133 1781 1285 1830 Neumeun.
1307 1797 1340 1830 ex

210 1849 377 1915 eundemque
396 1848 508 1915 phylsm
532 1849 672 1899 coniuncti
691 1848 750 1898 lue·
800 1849 966 1914 Herpocret.
979 1865 1005 1914 p.
1018 1849 1068 1900 344
1079 1843 1223 1913 φυλαρχός
1235 1841 1339 1898 ἐστινδ

209 1921 272 1969 rint.
310 1919 408 1985 Itsque
424 1917 652 1984 acquiescendum
670 1919 697 1967 in
716 1933 750 1968 ee
801 1915 873 1968 κατὰ
889 1911 984 1982 φυλὴν
1005 1911 1127 1982 ἑκάστην
1146 1915 1199 1967 τοῦ
1217 1911 1340 1968 luctuosi

211 2004 291 2054 quum
305 1988 428 2040 dedimus
442 1988 495 2039 loci
513 1988 748 2052 interpretatione,
800 1979 895 2052 ἄρχων
907 1979 1129 2051 ὑποτεταγμένας
1143 1981 1174 2036 δὲ
1183 1978 1337 2054 Ἱππάρχῳ.

210 2058 379 2123 improbante
394 2058 518 2124 quumvis
531 2057 619 2108 Bekio
636 2059 664 2108 iu
678 2057 749 2107 Bibl.
800 2058 883 2108 Plnru
899 2057 932 2108 de
944 2057 987 2107 his
1001 2058 1122 2122 equitum
1134 2057 1246 2108 ducibus
1259 2057 1340 2107 effert

209 2129 271 2178 crit.
287 2129 333 2182 1v.
349 2143 375 2194 p.
389 2130 440 2178 272
455 2143 526 2193 seq.;
552 2129 612 2194 qui,
633 2128 657 2177 si
673 2125 748 2185 illud,
800 2127 830 2178 C.
853 2129 884 2179 F.
903 2128 1054 2176 Hermann:
1079 2126 1187 2178 Griech.
1207 2125 1340 2178 Stsutsul-

210 2196 281 2262 quod
291 2214 339 2248 nos
349 2198 505 2263 posuimus,
516 2198 605 2248 dicere
614 2196 750 2247 voluisset
799 2196 880 2246 terth.
894 2195 918 2257 ᾗ.
935 2198 993 2247 152.
1008 2201 1064 2246 not.
1079 2196 1103 2246 3.
1120 2200 1143 2260 5.
1159 2195 1217 2246 153.
1232 2200 1288 2246 not.
1299 2196 1338 2256 ⁸4

207 2267 379 2330 Herodotus,
398 2283 452 2317 non
471 2267 596 2338 dubitet²
617 2267 684 2331 quin
705 2264 750 2314 ille
800 2266 860 2318 coll.
875 2266 899 2328 ἓ.
913 2266 969 2315 111.
981 2269 1037 2315 not.
1051 2267 1091 2328 13,
1105 2266 1151 2315 ubi
1166 2269 1288 2316 nostrum
1300 2266 1338 2315 lo-

210 2337 364 2400 scripscrit:
382 2333 423 2394 εἰς
436 2332 505 2385 δέκα
518 2331 548 2385 δὲ
561 2331 608 2385 καλ
622 2327 689 2392 τούς
701 2329 752 2397 δη·
799 2351 860 2386 oum
875 2336 978 2398 attigit.
1005 2335 1057 2384 Sed
1070 2334 1132 2384 inde
1142 2350 1196 2384 non
1208 2338 1339 2400 nequitur,

208 2420 280 2470 μους
292 2399 423 2472 κατένεμε
434 2399 535 2470 φυλάς,
546 2406 593 2456 ubi
606 2404 750 2455 articulum
800 2405 872 2455 sulse
888 2403 995 2454 trudere
1012 2409 1117 2469 petrem
1131 2403 1277 2468 historiae,
1294 2407 1339 2455 cui

207 2469 259 2532 τοὶς
278 2481 342 2527 unte
360 2468 452 2538 φυλὰς
470 2477 599 2526 omissum
624 2473 749 2539 equidem
800 2475 850 2525 hoc
864 2475 932 2525 vitio
946 2478 1052 2524 vertere
1062 2473 1135 2523 haud
1147 2473 1253 2537 licebit,
1267 2475 1338 2540 qnod

208 2560 291 2610 segre
304 2545 436 2596 desidero.
448 2539 521 2610 'Ipse
535 2545 637 2594 Bekius
650 2543 685 2593 eb
696 2543 749 2592 He·
800 2543 902 2594 nullum
921 2536 1133 2608 φυλοβαοιλέων
1154 2543 1250 2594 lecerit
1266 2560 1339 2593 men·

208 2616 305 2664 rodoto
316 2615 356 2664 its
368 2616 498 2678 scriptum
513 2614 598 2664 luisse
608 2616 748 2662 autumet:
800 2615 916 2676 tionem,
931 2614 974 2679 qni
987 2613 1099 2678 antiquo
1115 2627 1147 2661 ex
1160 2629 1233 2664 more
1247 2615 1282 2663 sd
1294 2627 1339 2663 ss-

209 2679 267 2730 καλ
283 2679 326 2746 δὴ
345 2679 402 2730 καλ
418 2675 485 2739 τούς
497 2675 606 2745 δήμους
618 2676 749 2742 κατένεμε
799 2699 847 2732 cre
857 2684 978 2732 curuudu
988 2683 1132 2734 constituti
1143 2682 1178 2732 ed
1194 2683 1281 2748 ipsum
1296 2698 1339 2734 re-

192 2742 237 2805 .ές
248 2743 299 2805 ταὶς
311 2743 411 2810 φυλάς.
431 2751 470 2800 Ut
479 2756 569 2800 eutem
580 2752 689 2800 minime
698 2750 749 2799 hoc
799 2767 858 2802 rum
871 2752 1041 2816 publicarum
1056 2767 1147 2805 curam
1160 2754 1269 2803 minime
1279 2769 1339 2818 per·

208 2832 242 2866 ex
261 2818 392 2867 Herodoti
416 2820 506 2868 verbis
527 2819 620 2884 colligi
638 2820 747 2884 poterit,
798 2821 939 2879 tinebant:
967 2823 1040 2875 cons.
1056 2823 1212 2872 Tittmnnn:
1230 2821 1337 2873 Griecb.

205 2885 371 2936 Clisthenem
385 2887 499 2950 primum
513 2889 689 2938 constituisse
704 2888 749 2937 de·
799 2891 962 2942 Stenteverf.
985 2907 1047 2956 pag.
1067 2893 1118 2941 ²74
1136 2907 1191 2957 seq.
1209 2897 1238 2942 et
1255 2892 1284 2942 C.
1304 2893 1336 2945 1².

208 2969 281 3016 mos,
297 2955 337 3005 ite
349 2956 471 3020 equidem
486 2956 559 3006 beud
573 2957 747 3022 intercedam,
798 2961 945 3012 Hermann.
955 2961 972 3013 l.
981 2960 997 3012 l.
1006 2965 1030 3023 5.
1042 2960 1099 3012 100,
1113 2963 1202 3014 not.9.
1215 2963 1255 3023 10,
1268 2963 1339 3011 uude

208 3024 231 3073 si
246 3025 305 3088 quis
319 3025 424 3087 demus,
446 3026 500 3075 inm
516 3029 597 3076 sutee
615 3029 748 3078 constitu·
798 3031 942 3092 cernimus,
957 3045 1011 3080 nou
1023 3031 1091 3081 sutis
1102 3035 1228 3082 constare
1239 3033 1272 3081 de
1283 3047 1339 3082 mu·

208 3099 266 3149 tos,
285 3109 301 3142 a
316 3094 455 3144 Clisthene
474 3095 570 3146 melius
583 3098 747 3148 constitutos
797 3115 861 3150 nere
873 3105 956 3166 etque
970 3099 1061 3151 officio
1075 3099 1169 3150 borum
1184 3098 1337 3168 φυλοβασι-

208 3167 236 3212 et
249 3162 391 3215 ordinatos
404 3179 463 3215 esse
477 3165 633 3216 contendet.
658 3169 697 3217 Ac
709 3166 746 3217 le·
797 3163 877 3222 λεάιν.

207 3233 279 3297 gitur
291 3233 449 3286 Aristotelis
460 3236 568 3300 quidem
581 3235 657 3286 locus
675 3238 747 3288 ede·
983 3271 1039 3322 cst
1068 3273 1140 3322 LXX

206 3302 321 3366 perditis
351 3320 438 3354 rernm
467 3305 635 3369 publicorum
660 3305 746 3367 libris,
1043 3309 1049 3323 ⁸
1144 3309 1151 3324 '

207 3371 316 3434 opinor,
338 3373 512 3438 depromptus
530 3376 558 3425 iu
576 3374 667 3426 Schol.
684 3377 745 3426 Ari·
832 3365 880 3422 Ἐν
902 3370 942 3440 τῷ
958 3371 1048 3442 μέρεϊ]
1069 3378 1087 3426 ι’.
1109 3377 1261 3430 eoieimim.
1295 3376 1337 3426 Tu

207 3441 294 3504 stoph.
309 3443 381 3492 Nub.
396 3442 444 3504 ³2,
458 3445 504 3494 ubi
519 3447 578 3509 ipse
593 3443 745 3496 Clisthenes
796 3444 868 3494 conl.
884 3445 907 3506 1,
917 3444 950 3494 26
964 3445 1030 3511 ibiq.
1046 3452 1114 3496 nott.
1133 3447 1195 3508 Vll,
1206 3447 1257 3495 212
1270 3446 1335 3510 ibiq.

205 3511 410 3562 neucruriorum
424 3511 485 3562 loco
500 3514 591 3564 demes
605 3513 692 3565 fertur
706 3515 746 3564 in·
796 3515 958 3578 Weeeelinp.
975 3516 1015 3565 De
1024 3515 1176 3577 Cleomene,
1184 3516 1262 3566 cuins
1274 3529 1336 3564 mox

206 3579 329 3630 stituisee
344 3582 463 3646 itemque
480 3597 672 3633 nsucrurorum
685 3584 746 3634 loco
797 3585 914 3634 mentio.
929 3585 1000 3636 conf.
1013 3599 1096 3650 supro
1109 3587 1141 3648 V,
1150 3587 1184 3638 64
1194 3589 1221 3635 et
1233 3586 1269 3634 ed
1282 3581 1338 3644 ξεῖ-

205 3649 361 3713 ιίεοαιντλοτ,
374 3652 419 3716 qui
433 3651 546 3715 singulis
556 3653 641 3703 demis
653 3655 746 3704 eodem
798 3667 851 3700 νον
862 3654 894 3716 V,
906 3653 940 3702 oe
953 3655 1043 3719 ibique
1058 3659 1127 3705 nott.

206 3717 285 3768 modo
295 3724 461 3783 praeessent,
476 3736 529 3784 quo
540 3724 668 3772 uenerari
679 3739 747 3773 neu·
831 3714 882 3770 τὸν
894 3718 911 3769 δ
917 3715 928 3770 ἑ
945 3717 1102 3787 Κλεομένεα
1116 3715 1173 3786 εἶχε
1183 3718 1259 3786 αἰτιή
1271 3736 1335 3786 φοι-

206 3789 310 3837 crnriie.
344 3790 380 3838 Et
402 3789 438 3838 cl.
463 3805 571 3854 quoque
587 3791 616 3841 O.
632 3793 663 3842 L.
680 3792 748 3842 Gru·
797 3787 1337 3858 edomet]dieFloreutinocumre·

206 3857 307 3909 telend.
317 3858 345 3906 in
358 3859 504 3922 scriptione
517 3859 549 3908 de
563 3860 647 3911 demis
660 3865 688 3910 et
700 3877 746 3926 ps·
796 3865 881 3910 centt.
891 3860 951 3912 edd.
960 3862 1033 3912 edidi
1042 3879 1090 3927 pro
1100 3859 1146 3926 δή.
1158 3864 1282 3912 Eetvero
1291 3862 1335 3912 hic

206 3927 361 3992 gisdtticc.
383 3927 518 3993 (Gotting.
534 3929 611 3992 1829)
633 3945 695 3994 pag.
714 3931 746 3982 10
796 3945 892 3981 sensus
912 3929 978 3980 loci:
1006 3933 1153 3982 Cleomenem
1171 3932 1336 3983 erineneber-

207 4002 280 4057 not.,
301 3999 345 4048 cui
359 4003 386 4047 et
399 3998 453 4062 ipsi
467 3997 599 4048 Herodoti
613 3999 688 4049 locus
706 4015 746 4050 re·
796 4009 852 4059 tur,
870 3999 913 4050 vel
933 4001 1054 4050 omnino:
1074 4003 1216 4053 Cleomenes
1236 4002 1335 4051 diceba-

206 4072 249 4117 cte
269 4083 298 4117 se
319 4067 418 4118 hebere
434 4067 559 4128 videtur,
580 4083 745 4134 quemquem
794 4077 844 4130 tur,
855 4069 1043 4132 perhibebatur,
1056 4075 1087 4121 nt
1099 4070 1230 4123 Valcken.
1245 4071 1336 4121 obser·

205 4143 307 4186 certum
322 4137 486 4189 sententium
500 4138 675 4201 pronuntiare
690 4155 744 4189 non
794 4144 842 4188 τοι
859 4138 893 4187 ud
911 4139 1041 4190 Herodot.
1060 4142 1112 4199 Vl.
1133 4142 1193 4203 115,
1217 4141 1264 4190 ubi
1278 4139 1334 4190 vid.

205 4207 302 4266 sudet,
324 4207 387 4258 ullis
406 4225 462 4260 rem
483 4206 684 4258 diiudicandum
704 4225 743 4260 re·
794 4213 864 4256 nott.
888 4208 1068 4260 Psuloinlre:
1082 4206 1113 4260 ολ
1123 4205 1336 4272 Ἀλκμαιωνέδαι

204 4273 339 4337 linquens.
793 4271 871 4341 εἶχον
898 4271 993 4342 αἰτίην
1017 4275 1071 4328 τοῦ
1098 4271 1193 4340 φόνου
1219 4269 1332 4326 τοοίον.

238 4336 307 4390 δέκα
325 4358 354 4392 τε
373 4336 410 4409 δὴ
427 4337 589 4410 φυλάρχους
605 4339 670 4396 ἀντὶ
684 4359 743 4396 τεο·
792 4347 862 4398 Add.
875 4349 912 4410 V,
930 4348 963 4399 73
978 4350 1005 4397 in
1022 4349 1068 4399 fin.
1087 4335 1167 4397 οὖτοι
1180 4341 1233 4409 μὲν
1247 4337 1283 4410 δὴ
1299 4373 1333 4384 -

203 4405 292 4477 οέραν
302 4401 429 4482 lantque]
441 4415 760 4482 Pipluretornmuomen·
792 4410 884 4476 αἰτίας
895 4410 1015 4484 μεγάλας
1030 4411 1107 4482 εἶχον
1124 4422 1151 4468 et
1164 4431 1225 4482 esp.
1239 4417 1270 4468 71
1286 4413 1331 4468 lin.
