3062 4976
560 414 561 418 ,
641 359 910 422 HERODOTI

207 357 268 425 398

206 564 265 616 νος
278 533 470 623 Ἀθηναίων
481 529 640 603 ἁπάντων
654 533 792 622 ἐτόλμα,
807 530 893 614 ὅμως
902 540 1141 621 Πεισίστρατος
1154 535 1287 604 ἐκπέσοι
1304 536 1341 604 ἐκ

206 646 274 709 των
291 637 481 728 Ἀθηνέων,
496 635 536 706 τὰ
549 637 699 726 χρήματα
713 634 818 706 αὐτοῦ
831 636 1064 726 κηρυσσόμενα
1080 633 1147 706 ὑπὸ
1159 642 1221 706 τοῦ
1235 643 1338 726 δημο-

206 752 283 812 σίου
298 739 480 828 ὥνέεσθαι,
500 739 609 810 καὶτὰ
624 739 709 810 ἄλλα
722 739 762 810 τὰ
777 747 913 828 ἔχθιστα
928 742 961 821 ές
975 738 1079 810 αὐτὸν
1093 740 1201 812 πάντα
1216 743 1337 829 ἐμηχα-

141 858 201 920 122
209 839 299 916 vcro.
335 852 489 914 Καλλίεω
510 845 547 914 δὲ
567 844 689 915 τούτου
706 841 799 926 ἄξιον
812 850 981 932 πολλαχοῦ
994 845 1128 934 μνήμην
1146 846 1215 913 ἐστὶ
1231 846 1338 914 πάντα

208 1011 745 1080 nusquampraeteriresoletHerodoun.
797 1009 970 1062 retinuerunt
991 1010 1058 1060 haee
1076 1011 1170 1074 verbe,
1192 1010 1239 1060 sed
1259 1011 1337 1060 runcis

206 1085 289 1134 Cuius
308 1082 457 1147 Hipponici
473 1081 558 1145 filins,
583 1083 627 1132 cui
646 1087 674 1133 et
694 1083 746 1146 ipsi
796 1079 913 1142 inclusa,
929 1087 1058 1146 tanquam
1074 1083 1179 1146 spuria.
1218 1081 1334 1131 Bredov.

205 1169 303 1204 nornen
326 1153 435 1216 Gellius,
460 1155 539 1216 petre
560 1167 665 1216 eroque
684 1152 746 1201 illu·
796 1167 823 1215 p.
837 1151 869 1202 16
883 1150 1190 1215 quoqueinterpolatori
1200 1149 1334 1200 haecver-

205 1224 288 1274 etrior
298 1223 365 1272 init:
388 1223 512 1286 idemque
528 1222 634 1286 opinior
647 1221 746 1271 intelli·
796 1221 831 1270 be
846 1221 929 1270 tribui
940 1218 1007 1280 vult,
1022 1221 1068 1285 qni
1079 1219 1177 1284 cupide
1189 1219 1335 1283 arripuerit

204 1293 308 1358 gendus
322 1292 373 1343 erit
384 1292 456 1357 apud
467 1291 668 1354 Herodotvll,
686 1289 744 1352 151,
796 1290 967 1340 occasionem
983 1290 1016 1338 de
1026 1288 1115 1340 Callia
1127 1305 1160 1338 ee
1170 1290 1332 1352 exponendi,

204 1365 251 1414 ubi
260 1364 316 1414 vid.
325 1365 394 1414 nott.
411 1361 536 1411 Conterri
548 1375 655 1430 quoque
665 1365 744 1427 pote·
796 1374 866 1424 quse
879 1362 933 1409 inm
948 1359 1048 1409 dudnm
1066 1360 1093 1408 in
1106 1361 1198 1409 enimn
1209 1357 1334 1408 habuerit

204 1440 268 1483 runt
277 1433 310 1483 de
321 1431 372 1482 hnc
383 1435 464 1496 gente
477 1431 589 1495 eiusque
601 1435 744 1481 stemmate
795 1445 960 1494 expromere.
992 1429 1015 1478 A
1028 1429 1127 1493 quibua
1147 1427 1229 1492 longe
1246 1428 1334 1478 disce-

202 1501 551 1564 Palmer.lixercitt.p.7t)2
563 1515 632 1565 seq,
650 1501 743 1552 Pleee:

203 1573 256 1622 Dis
270 1572 408 1636 Tyrannio
422 1571 445 1620 1.
461 1585 522 1634 pag.
541 1567 600 1630 195,
621 1569 742 1620 Schultz.

203 1638 337 1706 Apparet.
353 1642 413 1690 crit.
430 1654 492 1705 pag.
512 1638 554 1690 38.
570 1643 627 1700 not.
644 1642 686 1692 ot.
708 1665 742 1675 -—

202 1711 244 1760 De
257 1709 400 1775 particulis
421 1723 449 1758 τε
464 1701 515 1773 γὰρ
529 1709 557 1757 in
572 1709 743 1760 verbisKnl-

202 1773 357 1860 λιήςτεηάο
364 1779 472 1843 μοῦνος
481 1771 642 1841 Ἀθηναίων
649 1770 742 1827 duciv-

202 1864 260 1897 των
271 1840 372 1914 έτολμα
383 1849 456 1900 conl.
473 1848 614 1914 Hertung:
630 1848 739 1899 Griech.

202 1919 307 1973 Purtik.
325 1921 348 1970 1.
362 1935 426 1985 pag.
446 1918 501 1968 115.

366 2037 431 2089 Cen.
448 2037 559 2088 CXXII.

235 2123 360 2176 Καλλίεω
368 2118 399 2172 δὲ
411 2118 513 2172 τούτου
520 2139 545 2173 α.
559 2137 583 2174 τ.
598 2121 634 2187 λ]
650 2125 739 2185 Quae·

201 2211 306 2261 euinque
330 2194 381 2244 hoe
401 2194 493 2259 eapite
513 2193 702 2250 continentur.
722 2211 739 2244 a

200 2266 334 2325 Mediceo,
350 2262 509 2314 Florentino
528 2277 561 2312 ue
574 2263 662 2313 tribue
676 2263 738 2312 aliis

201 2335 279 2386 codd.
292 2335 401 2398 obsunt,
416 2349 503 2398 neque
515 2334 681 2382 narrationis
695 2347 738 2383 ne-

184 2421 263 2474 καοαι
277 2405 319 2453 hie
333 2402 738 2454 omissieturburimonnitGro·

199 2477 305 2534 novius,
327 2474 451 2538 quamvis
464 2473 540 2536 haec,
560 2475 583 2521 si
597 2471 736 2522 Herodoto

199 2545 402 2604 abiudiecntur,
420 2559 474 2592 non
488 2543 592 2591 indocti
605 2547 678 2592 certe
691 2542 737 2592 lro·

199 2615 278 2665 minis
301 2611 500 2677 admodumque
523 2612 657 2674 recentis,
688 2611 735 2660 sed

199 2685 319 2749 apprime
338 2681 579 2744 Calliae'negotiis
605 2685 632 2730 et
657 2680 735 2730 farni-

197 2755 235 2804 lin
248 2752 373 2804 callentis
394 2750 520 2800 habenda
536 2765 595 2799 esee
610 2750 668 2799 iure
680 2766 735 2799 rno-

199 2840 261 2874 nore
272 2823 398 2874 videntur
407 2819 523 2871 Wessel.
539 2819 641 2868 Contra
650 2819 736 2869 Hero-

199 2896 262 2943 doto
274 2893 391 2942 mexime
402 2889 515 2954 indigna
525 2887 591 2938 haec
601 2889 685 2938 verbe
695 2889 737 2938 in-

795 1499 863 1548 dunt
877 1500 955 1559 Miot,
979 1498 1112 1562 interpres
1128 1498 1275 1560 Herodoti,
1291 1504 1334 1546 at-

793 1566 1332 1633 queSchweighaeuserne,quihuecver-

793 1638 828 1687 be
860 1654 909 1702 pro
936 1636 1100 1688 Herodoteis
1122 1635 1246 1687 habenda
1271 1653 1332 1687 esee

793 1706 1193 1758 contranlcken.contendit:
1208 1705 1331 1771 idemque

792 1778 890 1827 statuit
912 1776 1035 1838 Schoell,
1056 1778 1102 1842 qni
1115 1775 1284 1826 Herodotum
1302 1777 1330 1825 in

792 1851 915 1897 nostrum
931 1862 1080 1896 sermonem
1095 1845 1244 1908 convertit,
1263 1845 1330 1896 nihil

793 1917 821 1966 in
836 1917 884 1980 iis,
907 1932 977 1982 quae
989 1916 1039 1966 hoc
1052 1917 1143 1981 eapite
1158 1921 1328 1978 enarrantur,

791 1987 882 2038 inesse
896 1992 982 2050 ratus,
994 1987 1064 2050 qnod
1078 1986 1111 2036 ab
1121 1985 1328 2049 Herodotopro-

791 2057 892 2108 fectum
911 2056 966 2106 dici
990 2061 1116 2120 nequent.
1146 2056 1240 2118 Neque
1253 2056 1328 2120 equi-

790 2127 850 2177 dem
867 2127 910 2188 iis,
926 2125 1051 2190 quaehoc
1065 2124 1126 2175 loco
1139 2123 1242 2174 trudito
1253 2126 1327 2174 inve-

789 2197 908 2258 niuntur,
930 2197 970 2246 ita
982 2195 1111 2259 offendor,
1131 2198 1162 2243 nt
1174 2196 1268 2258 spuria
1279 2194 1327 2242 hn-

789 2267 866 2316 beam
881 2265 1006 2330 falsoque
1019 2265 1141 2314 immixta
1154 2263 1326 2327 reliquieHe-

789 2336 878 2385 rorloti
889 2336 990 2397 verbis,
1004 2349 1064 2384 cum
1072 2333 1229 2384 huiusmodi
1242 2349 1284 2384 ree
1297 2337 1324 2382 in

788 2405 851 2456 eliis
869 2421 977 2470 quoque
997 2403 1171 2454 Herodoteae
1194 2402 1326 2453 historiae

787 2476 911 2539 partibus
924 2475 1042 2524 orationi
1056 2475 1175 2524 insertae
1187 2473 1326 2537 reperian-

787 2551 840 2606 tur,
864 2546 914 2594 lroc
928 2551 1020 2594 autem
1037 2543 1098 2593 locu
1110 2545 1210 2594 Noster
1230 2541 1264 2590 ad
1278 2541 1326 2592 hu·

786 2614 902 2663 inemodi
917 2607 1107 2678 παρενθήκην
1123 2613 1276 2663 iaciendum
1292 2627 1324 2662 eo

786 2685 872 2748 megin
886 2684 1021 2742 adductus
1035 2684 1123 2733 videri
1135 2682 1237 2747 possit,
1251 2682 1324 2746 qnod

785 2754 894 2802 animun
908 2753 1031 2816 tyrannis
1047 2753 1163 2802 invisum
1181 2752 1323 2816 magisque

785 2822 957 2887 popularem,
974 2838 1052 2888 quem
1064 2823 1154 2871 ubivis
1167 2837 1230 2887 prae
1241 2837 1270 2872 se
1279 2827 1321 2870 tu·

785 2891 826 2956 lit,
843 2897 909 2956 opta
919 2893 1062 2943 occasione
1071 2890 1321 2956 oblutusignificnre

197 2965 282 3028 deque
295 2975 405 3026 prorsus
415 2957 737 3009 eiiciendeeensuitVal·
785 2965 913 3026 potnerit.
954 2963 1020 3027 Ipsa
1040 2962 1172 3012 Herodoti
1188 2961 1320 3010 verbane

197 3030 368 3090 clennr.,vel
380 3029 500 3093 singulas
513 3028 665 3078 locutiones
676 3045 736 3078 ver·
785 3031 1321 3098 locutionesomnemqueorationisstru-
1399 3053 1413 3071 ·

195 3104 284 3166 beque
298 3099 455 3150 Herodotea
469 3113 529 3148 esse
546 3113 656 3164 negem.
677 3099 734 3149 Nee
785 3107 889 3151 otnrem
909 3103 933 3150 ei
952 3103 1139 3167 respiciemus,
1164 3101 1257 3165 negari
1274 3117 1319 3150 ne-

197 3171 353 3222 llerodotea
369 3183 429 3218 esee
445 3168 571 3218 videntur
588 3169 733 3230 harchem,
784 3173 854 3237 quit,
871 3173 958 3224 inesse
971 3170 1111 3234 nonnulla,
1125 3187 1195 3235 quae
1209 3169 1320 3235 impedi-

195 3239 317 3292 Sohultz.
340 3239 484 3304 (Apparet.
506 3241 568 3290 erit.
593 3253 655 3303 pag.
676 3239 732 3297 37),
784 3243 855 3292 tiore
875 3240 1212 3300 autduriorevideuntur,
1231 3255 1319 3304 neque

195 3309 351 3372 Schaelero,
367 3309 413 3374 qui
424 3309 502 3358 uncis
513 3308 580 3359 lraec
593 3309 677 3358 verba
692 3310 730 3357 in·
779 3327 844 3361 vero
860 3314 900 3360 ite
917 3313 1077 3371 constituta,
1097 3313 1129 3358 ut
1150 3310 1242 3359 omnia
1255 3325 1318 3358 con-

193 3381 305 3430 cludens
315 3379 463 3445 poetee(in
470 3379 555 3428 ludio.
565 3377 598 3427 ad
611 3379 726 3428 Lucian.
780 3384 859 3431 tinuo
877 3397 925 3446 pro
944 3381 1044 3446 spuriis
1057 3379 1189 3444 falsisque
1208 3394 1317 3444 prorsus

194 3449 441 3516 Catapl.pag.2lili
461 3447 729 3512 edlneobitmval-
778 3451 936 3501 habeantur.
974 3449 1052 3512 Quod
1075 3449 1145 3499 eninr
1163 3449 1318 3498 Valckena-

192 3519 322 3570 ckenario
354 3520 394 3571 sie
420 3517 640 3583 adstipulendum
669 3534 728 3568 esse
779 3522 847 3570 rium
864 3519 1004 3570 offendunt
1019 3519 1104 3570 verba
1122 3519 1202 3568 initio
1217 3519 1317 3581 cupitis

192 3595 301 3652 censet,
325 3595 356 3638 ut
381 3587 504 3638 omnibus
527 3587 607 3636 huius
629 3589 728 3652 capitis
778 3591 884 3655 posite:
911 3588 1035 3639 Καλλίεω
1053 3583 1085 3637 dt
1110 3580 1213 3637 τούτου
1231 3579 1316 3648 ἄξιον

192 3659 283 3710 verbis
306 3673 415 3722 prorsus
433 3657 528 3707 eiectis
555 3657 641 3708 verba
665 3673 727 3721 esp.
777 3657 922 3724 πολλαχοῦ
934 3651 1050 3722 μνήμην
1068 3649 1124 3706 leet
1143 3649 1237 3706 πάντα
1253 3650 1316 3706 τινὰ

193 3730 240 3779 121
254 3734 376 3778 extremo
391 3718 483 3775 πάντα
491 3717 648 3790 ἐμηχανᾶτο
656 3728 728 3776 exoi-
777 3723 866 3792 ἔχειν,
883 3744 954 3794 quae
969 3728 1120 3795 sophistam
1136 3743 1232 3792 sapere
1247 3725 1314 3788 vult,

191 3800 301 3864 piantur
312 3797 404 3849 verbis
420 3796 500 3845 initio
517 3812 578 3860 esp.
591 3795 640 3847 123
653 3796 727 3861 posi·
777 3815 830 3848 non
843 3799 1018 3860 Herodotum,
1037 3797 1315 3863 apteSclrweiglreen-

191 3871 241 3919 tis:
271 3863 319 3917 nul
346 3861 376 3916 oi
398 3856 612 3930 Ἀλκμαιωνέδαι
640 3865 726 3931 (qnod
777 3883 828 3918 ser.
847 3871 1020 3932 comparavit
1033 3884 1065 3918 ea
1076 3867 1146 3917 libro
1160 3869 1182 3930 1,
1197 3883 1257 3930 cap.
1268 3867 1313 3915 14:

191 3930 724 4004 ipsumin'rilapenvldormutarivult:
777 3935 829 3986 rori
848 3929 969 4002 μάλιστα
995 3931 1110 4001 μνήμην
1133 3927 1216 3996 ἄξιον
1240 3931 1314 3998 ἔχειν

191 4009 223 4059 de
242 4025 296 4074 que
315 4024 344 4059 re
365 4007 484 4058 vidimus
504 4005 532 4054 in
548 4009 618 4056 nott.
637 4005 670 4054 nd
691 4009 724 4069 V,
776 3997 847 4066 ἐστὶ,
867 4023 954 4072 neque
973 4023 1065 4058 vocem
1085 4003 1228 4070 πολλαχοῦ
1250 4005 1313 4070 (ndi-

189 4077 237 4142 62)
254 4094 279 4128 a.
301 4094 323 4126 r.
345 4076 368 4125 λ.
406 4075 473 4125 Inde
498 4073 639 4126 Belrlrerus
658 4075 724 4126 haec
776 4077 1313 4143 metricorum,equaeunqneoeoasione

189 4148 283 4200 eadem
294 4147 378 4200 verbe
389 4144 563 4195 Selrueiernrn
578 4145 725 4196 etVelclre—
775 4147 879 4212 oblate)
891 4147 1031 4198 offensioni
1044 4162 1103 4197 enee
1113 4147 1248 4204 ostendit;
1261 4161 1311 4194 nee

188 4219 293 4269 narium
315 4221 425 4268 secutus
449 4232 481 4266 ex
507 4216 567 4279 ipse
592 4216 724 4266 Herodoti
774 4217 1312 4282 magisqueesequuntnrvictorierrrmin

189 4289 312 4338 oratione
324 4289 411 4337 electu
423 4287 451 4334 in
466 4289 530 4334 notu
539 4284 669 4348 exhibuit,
680 4286 722 4336 his
773 4287 843 4337 ludis
857 4286 1007 4352 Olympicis
1023 4290 1050 4336 et
1065 4285 1172 4349 Pytlriis
1190 4290 1311 4350 reporte-

187 4355 364 4422 praepositis:
394 4361 476 4422 „post
497 4349 656 4419 ἐμηχανᾶτο
675 4357 721 4406 ad·
772 4361 862 4406 turum
875 4356 1143 4406 commemorationes
1155 4371 1214 4406 eum
1227 4355 1309 4405 offen-

187 4425 418 4492 dontpleriqne“;
433 4424 720 4476 Dindorf.etDietseh.
772 4427 835 4477 dere
855 4431 998 4492 poterunt,
1022 4425 1068 4492 qni
1082 4426 1186 4490 quenti
1201 4425 1266 4476 curt
1283 4428 1311 4474 et
