3008 4974
189 310 208 374 8
626 299 896 362 HERODOTI

190 512 243 564 τις
257 479 499 568 ὀλοφύρονται,
525 475 587 546 ὅσα
600 504 658 566 μιν
673 481 727 546 dei
739 478 859 548 ἐπείτε
878 475 1009 562 ἐγένετο
1024 469 1216 564 ἀναπλῆσαι
1233 470 1332 560 κακὰ,

190 683 312 734 videtur:
341 696 390 730 nec
414 679 571 729 mirabimur
598 677 626 726 in
652 679 734 741 gente
784 681 858 728 recte
873 690 981 728 mouere
997 675 1107 728 ridetur
1122 675 1173 726 l.l.
1190 691 1254 742 pag.
1269 675 1332 738 804,

190 747 590 818 radiatqueinculta,qualem
600 747 734 796 Thraciae
786 754 893 799 veteres
918 745 1122 810 ethnographos
1148 750 1176 796 et
1203 743 1334 810 νομίμων

192 827 300 889 gentem
318 820 364 870 illa
385 823 476 870 aetate
500 819 585 868 luisse
606 815 735 868 credibile
786 813 966 886 βαρβαρικῶν
985 815 1131 868 collatores
1151 817 1273 882 gentium
1288 831 1335 868 ex·

193 900 248 954 est,
274 907 334 943 eom
354 891 387 940 dc
408 889 522 940 mortuis
544 887 657 951 reperiri
676 901 735 950 per·
786 895 907 940 terarum
933 887 1062 936 instituta
1081 901 1211 953 persaepe
1230 903 1263 938 ex
1280 901 1330 938 suo

194 963 362 1023 suasionem,
382 976 449 1024 quae
467 957 513 1008 vix
528 957 601 1022 apud
616 955 736 1007 cultissi·
788 973 869 1010 scnsu
882 958 1077 1021 interpretatos
1091 973 1151 1008 esse
1167 957 1335 1022 eandemque

194 1048 252 1082 mus
264 1046 385 1097 quosque
395 1027 468 1080 illius
479 1027 607 1092 temporis
617 1026 737 1077 Graecos
787 1029 943 1080 cautionem
956 1028 985 1077 in
998 1027 1138 1078 Herodoto
1152 1027 1335 1077 adhibendam

195 1103 315 1152 homines
326 1099 485 1159 obtinuerit;
498 1097 607 1148 videtur
620 1112 686 1146 sane
696 1095 736 1144 hi·
787 1115 863 1160 essc,
884 1113 945 1148 cunr
964 1099 1125 1161 praesertim
1146 1101 1266 1160 constet,
1287 1096 1335 1146 ho.

195 1166 737 1236 storiaepater,qnaesuaipsinsadco-
789 1169 889 1219 minum
916 1167 1034 1217 ferorum
1056 1168 1176 1218 lamenta
1198 1173 1226 1218 et
1247 1165 1335 1217 iubila
1373 1205 1386 1224 .

196 1257 247 1307 qus
258 1241 379 1305 vulgaris
391 1240 464 1290 illins
475 1238 574 1289 aetatis
587 1236 670 1287 fuerit
681 1234 738 1300 opi·
788 1244 846 1289 tam
859 1237 912 1288 sibi
924 1235 1006 1288 circili
1016 1236 1121 1288 barritu
1132 1237 1235 1300 efferri,
1250 1241 1282 1286 ut
1296 1235 1336 1286 lu-

195 1312 241 1362 nio
253 1311 286 1362 de
299 1311 412 1360 mortuis
423 1313 640 1372 mortuorumque
654 1309 738 1366 statu,
790 1312 874 1375 geant
891 1323 927 1358 an
947 1306 1096 1368 laetentur,
1119 1322 1201 1372 saepe
1212 1306 1337 1374 dignosci

196 1381 232 1431 ad
255 1380 392 1430 Thraciae
422 1381 530 1442 gentem
555 1375 740 1436 transtulisse,

197 1449 269 1514 apud
277 1465 357 1514 quam
368 1449 485 1498 forsitan
495 1447 564 1495 ritus
575 1445 662 1496 simile
676 1444 741 1509 qnid

197 1519 351 1569 indicantes
371 1517 614 1580 caeremoniasque
637 1513 740 1563 similes

198 1589 410 1649 observaverat,
428 1605 442 1637 c
458 1585 547 1651 prisco
560 1585 607 1635 illo
620 1589 742 1648 tempore

198 1657 373 1720 repetendas,
398 1671 450 1720 qno
469 1653 590 1719 reliquae
608 1655 752 1704 Graeciae·

199 1726 320 1778 Thraces
348 1725 422 1776 cultu
451 1725 524 1774 omui
555 1740 586 1773 ac
617 1724 742 1773 doctrina

198 1796 385 1862 praestitisse,
398 1797 486 1846 sacris
498 1793 660 1844 excelluisse
673 1795 743 1844 vati-

198 1869 304 1931 busque
317 1866 423 1915 eximiis
439 1865 594 1914 abundasse
609 1863 740 1915 seruntur.

200 1936 242 1987 cf.
256 1936 432 1986 Hoffmeister
448 1935 465 1984 l.
479 1935 497 1986 l.
510 1951 569 2000 pag.
586 1934 634 1984 110
647 1939 674 1982 et
689 1933 742 1982 lle-

200 2005 259 2056 rod.
273 2007 311 2068 V,
326 2007 359 2054 24
372 2005 438 2070 ibiq.
452 2010 509 2054 not.
537 2005 567 2054 C.
582 2003 614 2052 Ο.
629 2002 744 2054 Mueller

201 2075 303 2139 (Ueber
320 2075 364 2124 dic
376 2075 523 2126 Makedon.
544 2089 607 2138 pag.
624 2073 657 2122 58
671 2071 742 2137 seq.)

201 2160 248 2206 ea,
273 2160 344 2210 quae
361 2144 394 2195 de
413 2145 528 2194 Transis
552 2159 647 2194 recens
665 2147 744 2192 natos

200 2215 356 2279 lugentibus
373 2231 405 2266 ac
422 2215 519 2264 deinde
537 2214 570 2264 de
591 2213 699 2263 seminis
717 2213 746 2262 in

201 2285 293 2334 mariti
313 2285 417 2335 tumulo
447 2284 574 2334 mactatis
591 2283 746 2334 Herodotus

201 2359 318 2419 enarrat,
326 2355 361 2405 ad
371 2355 511 2419 opiniones
518 2353 630 2404 Graecis
638 2353 745 2417 quidem

202 2424 322 2486 alienas,
349 2425 396 2476 sed
414 2439 462 2490 por
480 2424 611 2474 orientem
632 2437 745 2486 sparsas

201 2495 296 2546 referri
309 2495 375 2547 vult.
399 2495 452 2557 Qui
465 2509 529 2544 vero
543 2493 642 2542 statuit
654 2491 747 2555 (Choi-

202 2564 392 2615 seul-Gouffier
413 2565 453 2613 in:
476 2565 587 2626 Voyage
606 2577 640 2611 en
660 2562 745 2610 Grecs

202 2641 254 2686 etc.
264 2636 296 2684 T.
304 2635 342 2684 11.
350 2649 411 2698 pag.
420 2631 490 2695 101),
499 2631 666 2680 Herodotum
678 2631 745 2679 lraec

202 2705 235 2753 de
248 2703 363 2752 Transis
377 2715 471 2750 recens
487 2707 568 2749 natos
589 2700 744 2762 lugentibus

202 2772 364 2820 scribentem
381 2785 430 2830 ea,
451 2783 522 2831 quae
536 2768 618 2831 pauci
636 2768 744 2830 quidam

202 2839 235 2888 de
255 2854 304 2888 sua
325 2837 453 2887 libertate
472 2835 663 2900 desperantes,
684 2852 745 2886 cum

202 2909 296 2958 duram
315 2907 467 2956 subiissent
479 2907 653 2966 servitutem,
676 2906 747 2955 leoe-

202 2979 273 3042 rint‚
310 2975 346 3025 ad
371 2989 464 3026 omnes
487 2974 612 3025 retulisse
641 2989 673 3024 oc
698 2991 745 3039 pro

202 3049 288 3098 totius
302 3045 392 3108 gentis
402 3044 598 3095 consuetudine
610 3044 746 3109 babuisse,

202 3119 226 3167 is
248 3115 372 3180 proiecto
394 3133 411 3166 a
426 3130 490 3164 rere
506 3114 586 3180 longe
603 3115 746 3166 aberrasse

202 3185 354 3236 censendus
365 3191 415 3235 ost.
439 3184 557 3235 afferam
566 3186 683 3249 denique
693 3187 744 3236 Lo-

202 3254 294 3306 beotii
320 3255 532 3319 disputationem
553 3255 743 3320 (Aglaopham.

202 3343 228 3391 p.
245 3325 324 3388 801),
349 3325 396 3390 qui
414 3341 447 3376 ex
465 3324 516 3375 hoc
531 3325 665 3376 Herodoti
683 3326 744 3376 loco

202 3394 420 3446 immortalitatis
433 3395 527 3454 tidem,
542 3411 613 3460 quae
628 3397 700 3460 apud
712 3395 743 3445 il-

202 3473 255 3516 tam
271 3469 378 3529 gentem
395 3465 554 3528 invaluerit,
574 3467 682 3515 minime
700 3465 745 3516 dc-

202 3537 349 3586 monstrari
367 3551 447 3600 posse
462 3535 613 3586 contendit.
652 3535 697 3586 Nil
717 3537 743 3585 in

201 3605 244 3655 bis
272 3607 361 3656 inesse
394 3620 473 3668 posse
506 3606 547 3654 ait
578 3605 744 3656 sublimioris

202 3674 360 3734 doctrinae}
382 3675 460 3724 ouius
477 3675 587 3734 ignaros
609 3677 684 3724 vitae
705 3677 742 3724 in·

202 3747 263 3808 opis
281 3750 308 3793 et
327 3747 444 3808 agrestis
460 3744 599 3796 molestias
612 3745 743 3796 indoctis·

202 3817 269 3865 aimo
295 3814 394 3878 cuique
418 3814 595 3879 gravissimas
622 3817 743 3867 'l'rsnsos

201 3885 260 3936 vult
272 3882 439 3934 muliebriter
449 3882 561 3946 luxisse,
572 3890 683 3936 mortem
694 3901 744 3936 au-

201 3959 270 4014 tem,
290 3969 361 4018 quae
375 3953 499 4004 omnibus
513 3953 700 4004 liberationem
715 3961 742 4005 et

792 1381 917 1443 nequeat.
940 1377 1013 1426 idern
1024 1378 1122 1427 similis
1132 1378 1214 1427 moris
1224 1379 1337 1427 rituum·

792 1465 843 1515 que
857 1445 980 1512 exempla
993 1448 1072 1498 affert
1088 1465 1102 1498 e
1115 1447 1260 1512 Nigrorum
1273 1461 1336 1512 gen·

792 1519 866 1568 tibus
883 1517 1080 1583 Americaeque
1103 1518 1261 1568 nationibus
1282 1531 1338 1566 ma·

792 1589 865 1638 rime
887 1585 1008 1636 rudibus.
1047 1589 1088 1638 Dc
1107 1587 1226 1638 Thracia
1245 1590 1337 1652 gente,

793 1656 864 1722 apud
880 1671 961 1720 qnam
980 1656 1048 1706 talia
1064 1656 1213 1708 invaluisse
1229 1659 1268 1707 ait
1280 1657 1337 1707 He-

793 1726 916 1786 rodotus,
928 1731 1064 1776 testantur
1073 1727 1225 1778 arnobius:
1240 1728 1282 1777 De
1291 1725 1337 1779 tid.

793 1801 938 1846 resurrect.
955 1797 987 1850 T.
1004 1797 1196 1862 nuperus,
1214 1797 1338 1848 Herodo-

793 1873 852 1926 tea,
869 1868 980 1930 opinor,
1001 1869 1150 1932 respiciens
1164 1867 1237 1918 Mela
1252 1868 1296 1930 11,
1311 1869 1336 1916 2.

793 1941 817 2000 5.
832 1935 859 1986 3:
885 1935 1022 1998 „Quidam
1036 1937 1087 1987 ieri
1100 1942 1164 1987 sunt
1178 1942 1205 1989 et
1218 1938 1254 1988 od
1268 1953 1338 1987 mor·

795 2013 849 2056 tem
868 2005 1050 2070 paratissimi,
1071 2007 1158 2058 Getae
1173 2009 1276 2072 utique.
1305 2007 1338 2058 ld

795 2075 872 2126 varia
888 2076 979 2140 opinio
1001 2077 1119 2140 perlicit3
1144 2077 1339 2128 aiiii-editurae

796 2149 895 2212 putant
907 2145 1012 2195 animas
1027 2147 1198 2196 obeuntiumr
1225 2147 1272 2198 alii
1284 2148 1338 2197 etsi

796 2231 850 2266 nou
873 2215 999 2276 redeant,
1020 2233 1073 2266 non
1093 2218 1216 2282 extingui
1234 2223 1336 2280 tamen,

798 2285 845 2336 scd
856 2286 890 2335 ad
905 2285 1030 2336 beatiora
1045 2287 1174 2338 transire:
1194 2285 1242 2336 alii
1254 2291 1339 2337 amori

796 2355 915 2422 quidem,
933 2355 981 2404 sed
992 2356 1018 2405 id
1033 2355 1127 2406 melios
1136 2373 1196 2407 esse
1206 2373 1286 2421 qnam
1299 2359 1340 2408 vi-

796 2443 866 2477 vere.
902 2425 1002 2489 Itaque
1022 2425 1149 2492 lugentur
1167 2427 1238 2491 apnrl
1258 2443 1339 2493 quos-

795 2495 857 2545 dam
878 2495 1035 2558 puerperia,
1060 2499 1172 2562 natique
1193 2497 1340 2548 deflentur:

795 2565 891 2614 funera
912 2569 1008 2612 contra
1027 2565 1099 2616 festa
1125 2571 1189 2617 sunt
1209 2574 1236 2618 et
1256 2567 1341 2618 veluti

795 2647 875 2684 sacra
895 2639 980 2682 cantu
1001 2633 1114 2702 lusuque
1138 2637 1339 2688 celebrantur.“

795 2703 836 2751 Ad
859 2717 938 2766 quem
961 2701 1050 2754 locum
1070 2706 1106 2756 ci.
1126 2707 1288 2758 'Taschuclre
1311 2710 1339 2758 in

798 2777 867 2822 nott.
891 2779 1008 2838 exegett.
1036 2776 1068 2824 T.
1088 2776 1141 2825 111.
1166 2780 1195 2829 P.
1216 2777 1253 2829 Il.
1275 2791 1339 2843 pag.

797 2839 900 2906 illaeq.

831 2905 881 2958 τὸν
897 2905 947 2972 μὲν
967 2904 1120 2976 γινόμενον
1133 2943 1166 2952 -
1179 2905 1340 2978 ὀλοφύρον-

796 2978 850 3046 ται]
867 2981 933 3031 Cum
945 2988 1059 3037 receutt.
1076 2984 1135 3037 edd.
1150 2988 1242 3051 recepi
1254 2977 1340 3050 γινό-

796 3063 883 3114 μενον
896 3055 923 3100 et
934 3067 996 3102 mox
1009 3045 1098 3116 eineys
1108 3047 1246 3118 νόμενον,
1268 3055 1341 3122 quod

797 3121 911 3186 praebet
924 3121 1062 3173 Sancroiti
1074 3124 1142 3175 liber
1158 3141 1189 3175 ac
1204 3126 1341 3176 Stobaeus

798 3190 914 3268 l.¹supra
933 3191 949 3241 l.
972 3194 1102 3273 quodque!
1114 3197 1280 3246 antecedens
1300 3213 1340 3260 γι-

796 3273 917 3322 νομενον
934 3265 962 3312 et
979 3275 1191 3328 απογινομενον
1209 3281 1263 3316 non
1283 3271 1340 3316 tam

796 3329 909 3381 suadere
938 3347 1018 3396 quam
1054 3336 1192 3398 requirere
1222 3337 1338 3388 videtur.

796 3398 881 3464 Vulgo
892 3395 1058 3464 γενόμενον
1068 3409 1095 3453 et
1106 3394 1339 3470 ἀπογενόμενον,

794 3468 875 3533 idque
904 3470 947 3521 vel
969 3471 1144 3524 Florentinus
1169 3475 1236 3526 liber
1260 3477 1341 3527 affert

795 3554 855 3618 cnm
868 3538 939 3590 aliis.
977 3543 1018 3593 De
1035 3547 1175 3595 structura
1187 3546 1264 3596 verbi
1277 3537 1339 3594 dlo-

796 3609 939 3672 φνοεσθαι
965 3615 1070 3663 monuit
1093 3614 1144 3664 hoc
1170 3615 1231 3666 loco
1252 3615 1339 3667 allato

795 3680 922 3730 Knehuer
940 3680 987 3734 Gr.
1005 3682 1052 3733 Gr.
1071 3686 1221 3746 95133.-
1243 3687 1285 3736 Ad
1301 3685 1340 3737 lo·

795 3751 930 3800 cntionem
955 3751 992 3813 γῇ
1019 3749 1175 3814 κρύπτουσι
1205 3757 1232 3806 in
1263 3773 1339 3822 seqq.

794 3819 879 3884 (terrd
907 3821 1027 3880 condant,
1059 3831 1147 3874 terrae
1176 3827 1341 3891 demandaret)

793 3890 867 3942 conf.
884 3891 913 3948 1.
930 3890 978 3939 140
993 3891 1084 3957 ibique
1099 3899 1169 3943 nott.
1206 3897 1248 3946 Da
1265 3896 1340 3947 locu·

793 3960 868 4010 tione
892 3953 1055 4024 ἀναπλῆσαι
1076 3954 1149 4010 κακὰ
1165 3963 1196 4022 (i.
1217 3981 1240 4016 e.
1262 3969 1340 4017 austi-

200 4025 368 4074 vacuitatem
388 4023 526 4086 dolorum,
550 4025 653 4074 meritis
678 4041 741 4076 vero
793 4045 868 4092 nere,
889 4031 1055 4094 patirnola),
1077 4049 1157 4096 quam
1173 4035 1268 4084 Latini
1281 4037 1339 4085 imi-

200 4099 347 4158 perpetuas
372 4093 497 4144 lautitias
520 4099 547 4143 et
576 4094 741 4146 testivitates
793 4102 884 4150 tentes
903 4105 1018 4150 utuntur
1035 4103 1117 4153 verbo
1133 4105 1262 4165 implendi.
1282 4121 1338 4155 mo·

201 4163 298 4216 afferre
314 4164 471 4226 videretur,
488 4164 569 4216 laetis
586 4165 659 4216 rotis
676 4166 742 4216 omi·
792 4170 865 4230 nuit,
882 4171 1038 4220 Herodotco
1050 4172 1076 4224 h.
1087 4171 1104 4221 i.
1118 4173 1211 4235 allato,
1227 4175 1332 4226 Wslclr.

199 4233 580 4300 nibusqueprosecutosesse.
594 4237 742 4298 Quaenam
793 4237 827 4288 ad
846 4241 936 4293 Tacit.
951 4240 1070 4305 Agricol.
1089 4243 1130 4294 45,
1148 4260 1211 4309 pag.
1232 4245 1298 4306 415,
1320 4259 1337 4295 a

199 4317 263 4353 vers
275 4318 386 4368 prorsus
397 4305 452 4354 sint
464 4305 617 4371 disputata,
632 4305 692 4370 ipse
702 4305 741 4357 vi·
793 4309 839 4360 Or.
854 4311 998 4364 excitatns.
1025 4311 1067 4362 Tu
1078 4313 1131 4364 rid.
1142 4315 1274 4365 Herodot.
1288 4315 1336 4377 Vl,

200 4372 270 4424 derit
278 4375 320 4425 sir
329 4375 515 4438 doctissimus,
533 4375 659 4427 hoc'vero
671 4377 742 4428 idern
794 4379 834 4429 12.
849 4380 902 4444 IX,
919 4381 966 4444 87,
985 4381 1085 4446 quibus
1102 4382 1171 4434 loois
1187 4384 1259 4436 idem
1274 4400 1335 4435 rer-
