3002 4972
449 315 815 383 'PERPSICHORR
840 317 877 384 V.
903 329 1055 392 rer——ree
1260 327 1321 394 227

183 489 366 583 οὐδετέρην
390 496 541 564 στέλλειν
569 501 670 585 ἔφερε
695 491 715 584 ἡ
745 493 880 586 γνώμη,
914 501 951 567 έν
977 501 1074 593 Λέρῳ
1103 501 1140 570 et
1167 507 1207 590 τῇ
1229 502 1321 596 νήσῳ

182 613 289 684 τεῖχος
317 598 625 686 οἰκοδομησάμενον
654 595 796 690 ἡσυχίην
823 599 934 688 ἄγειν,
966 597 1010 690 ήν
1038 609 1161 692 ἐκπέσῃ
1193 609 1230 674 ἐκ
1263 612 1321 694 τῆς

183 701 354 788 Μιλήτου·
396 708 509 770 ἔπειτα
537 702 575 770 tt
602 705 638 771 έκ
663 702 788 792 ’ταύτης
816 701 1030 794 ὁρμεοὶμενον
1056 707 1318 778 κατελεύσεσθαι

183 808 217 884 ές
246 804 308 892 τὴν
343 811 508 892 Μίλητον.
557 811 663 875 ταῦτα
695 806 758 894 μὲν
798 807 840 895 δή
876 805 1044 890 Ἑκαταῖος
1078 811 1316 900 συνεβούλευε.

183 903 283 1000 Αὐτῷ
310 911 347 977 δὲ·
371 906 589 998 Ἀρισταγόρῃ
614 906 635 998 ἡ
664 917 801 998 πλείστη
830 911 946 1000 γνώμη
974 903 1017 1000 ἦν
1042 917 1075 994 ἐς
1095 913 1157 1004 τήν
1176 916 1311 1005 Μύρκι-
1326 925 1385 989 126

181 1037 243 1079 νον
273 1007 427 1098 ἁπάγειν.
467 1010 529 1099 τὴν
557 1013 620 1100 μὲν
653 1010 695 1100 δή
724 1020 880 1101 Μίλητον
913 1019 1082 1102 ἐπιτρέπει
1113 1021 1314 1110 Πυθαγόρῃ,

181 1110 280 1201 ἇνᾶρλ
307 1121 375 1184 τῶν
402 1113 513 1184 ἀστῶν
534 1120 676 1209 δοκίμῳ·
715 1112 815 1196 αὐτὸς
837 1117 874 1186 tt
898 1118 1103 1207 παραλαβών
1129 1122 1238 1191 πάντα
1256 1124 1316 1194 τὸν

180 1216 388 1306 βουλόμενον
410 1225 507 1286 έπλεε
534 1221 567 1298 ἐς
589 1217 651 1307 τήν
672 1227 824 1309 Θρηΐκην
844 1224 900 1290 καὶ
924 1229 998 1310 ἔσχε
1018 1221 1080 1311 τήν
1099 1223 1230 1311 χώρην,
1259 1224 1315 1295 ἐπ’

180 1316 223 1408 ἣν
247 1321 376 1409 ἐστάλη.
417 1325 453 1390 ἐκ
482 1321 518 1389 δέ
539 1321 660 1410 ταύτης
683 1319 894 1413 ὁρμεοέμενος
921 1322 1104 1394 ἀπόλλυται
1124 1323 1190 1395 ὑπὸ
1210 1335 1313 1416 Θρηΐ-

180 1450 251 1492 κων
266 1421 365 1505 αὐτός
378 1451 414 1492 τε
435 1421 453 1493 ὁ
472 1420 706 1515 Ἀρισταγόρης
724 1429 779 1496 καλ
800 1423 818 1495 ὁ
838 1427 977 1517 στρατὸς
993 1426 1115 1515 αὐτοῦ,
1135 1431 1233 1499 πόλιν
1254 1457 1313 1500 πε-

179 1587 216 1636 ed
233 1583 365 1652 στέλλειν,
384 1589 417 1640 de
434 1591 514 1640 cuius
531 1591 607 1640 verbi
627 1605 679 1640 usu
694 1597 722 1641 et
772 1592 832 1642 220.
849 1593 1006 1656 V111‚100.
1041 1594 1084 1645 Ad
1101 1585 1223 1660 ἁπάγειν
1237 1595 1316 1649 intel-

179 1657 377 1722 significatione
389 1659 444 1710 vid.
457 1659 515 1724 111,
532 1661 589 1710 141.
607 1661 654 1721 IV,
671 1662 719 1711 147
771 1662 817 1727 lig.
833 1655 884 1710 τὸν
901 1657 1021 1730 στρατὸν
1034 1679 1055 1714 ι.
1067 1658 1316 1730 τούςοοοτρατιοό-

180 1736 208 1776 et
225 1728 273 1777 149
289 1729 381 1794 ibique
394 1727 485 1779 laudd.
514 1733 606 1793 τεῖχος
621 1738 663 1780 eet
676 1747 720 1778 ea·
770 1747 830 1788 τας.

178 1799 286 1860 stetten,
307 1815 374 1860 erm,
400 1799 561 1862 ut1v‚46.
581 1799 721 1850 letales-
812 1797 865 1865 τήν
886 1793 937 1865 μὲν
959 1793 996 1866 δή
1015 1802 1148 1867 Μίλητον
1173 1794 1314 1867 ἐπιτρέπει

179 1881 232 1929 que
251 1867 317 1916 tocie
337 1869 371 1918 ed
386 1869 457 1932 VII,
472 1867 506 1920 59
524 1868 627 1918 allatis.
658 1871 719 1919 Ηοο
772 1867 944 1936 Πυθαγόρη]
958 1873 1000 1921 Ad
1010 1872 1081 1922 hunc
1091 1874 1264 1940 Pythagoram
1274 1890 1314 1924 re·

178 1951 242 1986 vero
257 1938 362 2002 τεῖχος,
381 1939 460 1988 modo
478 1944 646 1990 exstructum
664 1955 719 1988 om·
771 1941 862 1989 ierunt
881 1955 992 1989 numum
1004 1941 1135 1992 Doricum
1150 1945 1179 1993 in
1196 1944 1258 2008 ipss
1272 1944 1314 1994 Io—

178 2005 242 2056 nino
257 2006 354 2068 tuerit,
368 2009 403 2058 ed
415 2013 522 2073 portum
534 2009 617 2058 eitum
633 2009 719 2059 tuisse
770 2011 922 2060 piscosum
935 2025 994 2059 curn
1009 2013 1117 2062 nominc
1130 2012 1313 2077 Pythagorae,

178 2075 319 2126 contendit
333 2078 364 2126 Ι..
382 2079 461 2128 Ross.
476 2077 494 2127 1.
509 2093 571 2127 mox
585 2078 618 2140 1.‚
636 2093 720 2143 qnon-
770 2078 847 2128 ducis
867 2081 963 2128 ionum
983 2087 1080 2129 contre
1100 2082 1199 2130 Persas
1220 2083 1313 2132 toede-

179 2145 315 2210 iemqnee
332 2147 420 2197 adhuc
439 2153 563 2208 exstent,
587 2153 719 2212 antiquae
769 2155 898 2199 ratorum.
939 2149 1001 2198 Vid.
1025 2149 1135 2202 Anneil.
1164 2151 1311 2202 Viennens.

177 2215 251 2266 urbis
265 2216 364 2265 rudere
383 2217 478 2282 (prope
491 2221 628 2267 recentius
644 2218 720 2282 oppi-
770 2217 857 2269 LXII.
872 2233 934 2282 pag.
950 2219 993 2268 114.

178 2284 311 2349 dum,eui
323 2302 421 2336 nomen
433 2284 576 2350 Partheni),
591 2288 659 2336 setis
673 2287 719 2337 do·
813 2280 897 2334 πόλιν
920 2276 1155 2352 περικατήμενος]
1190 2279 1312 2351 „emta

177 2359 248 2418 cent,
262 2354 332 2406 hene
342 2357 509 2406 urbemolim
520 2358 651 2406 munitam
665 2372 719 2406 non
769 2347 873 2419 ὁδούς,
895 2356 986 2405 Novem
1003 2358 1074 2417 vias,
1098 2357 1126 2404 in
1144 2360 1312 2420 quorumvi-

178 2423 271 2476 tuisse.
300 2426 380 2474 Leros
394 2427 484 2476 insule
497 2427 720 2494 parreeSpore-
769 2427 842 2475 cirria
865 2425 963 2475 deinde
984 2425 1152 2490 Amphipolis
1176 2427 1211 2476 eb
1231 2427 1313 2476 Athe-

177 2492 256 2545 dibue
278 2495 312 2544 ed
332 2497 552 2560 septemtrionem
569 2497 718 2561 Calymnne
768 2495 909 2546 niensibue
919 2495 1032 2544 condite
1045 2501 1072 2545 et
1082 2496 1189 2545 XXXII
1204 2497 1313 2561 quidem

176 2568 258 2626 etque
273 2564 337 2626 Coi,
357 2581 374 2614 e
388 2565 477 2615 Mileti
497 2565 616 2629 colonis,
636 2573 666 2616 ut
681 2568 718 2626 vi-
768 2567 848 2614 annis
860 2564 1313 2630 poetArietegoreecletiem‚egre-

176 2630 268 2696 detur,
294 2634 368 2683 culte
387 2641 414 2684 et
426 2635 514 2685 Mileti
537 2636 636 2685 ditioni
655 2637 717 2686 hine
767 2635 1206 2701 giosnetore'fhucyd.lV,10⁸2.
1238 2637 1312 2685 Atti·

175 2701 278 2752 eddite.
291 2703 370 2765 Nune
381 2720 488 2770 quoque
497 2707 523 2755 ei
534 2722 630 2756 nomen
638 2708 716 2757 Lero.

177 2771 219 2820 Tu
233 2772 288 2822 rid.
301 2773 475 2826 straettlv.
489 2775 577 2840 pote
590 2792 612 2826 s.
622 2776 671 2826 941
681 2777 716 2826 D.

173 2840 321 2905 Forbiger:
339 2843 449 2894 Hendb.
464 2844 490 2894 d.
507 2844 555 2895 elt.
566 2847 663 2910 Geogr.
677 2847 717 2898 11.

175 2925 202 2974 p.
222 2911 289 2974 23⁸,
304 2913 441 2966 Mennert.
460 2915 515 2976 Vl,
528 2916 554 2968 3.
576 2931 637 2980 peg.
655 2915 715 2975 219,

175 2982 264 3045 etqui
279 2988 409 3032 eccnrste
425 2983 457 3033 de
474 2983 525 3033 hee
541 2984 631 3034 insule
645 2992 717 3034 retn-

175 3049 222 3110 lit,
244 3051 328 3101 Ross:
341 3053 442 3102 Reisen
454 3053 505 3102 snt
514 3053 540 3104 d.
551 3052 659 3108 Grieeh.
672 3055 716 3103 In·

175 3119 233 3170 selo
254 3120 290 3168 11.
310 3137 336 3186 p.
358 3122 406 3172 119
426 3137 501 3187 seqq.
538 3125 629 3188 Atque
644 3123 715 3173 idern

174 3191 218 3239 vir
235 3189 331 3240 doetus
350 3192 378 3240 in
393 3193 499 3242 Fascio.
514 3193 551 3242 11.
572 3193 716 3256 Inscriptt.

175 3259 286 3310 Graece.
299 3261 389 3311 inedd.
402 3277 442 3310 nr.
457 3261 506 3312 188
515 3261 568 3312 huc
579 3263 664 3311 refert
677 3263 717 3310 in·

173 3329 348 3394 scriptionem
365 3331 532 3394 mutilatam,
554 3347 607 3396 que
629 3331 715 3380 conti-

174 3400 232 3447 neri
243 3397 300 3448 vult
313 3400 451 3449 decretum
466 3399 651 3450 cleruchorum
664 3399 715 3448 Mi-

174 3466 300 3518 lesiorum
322 3470 497 3520 inhonorem
516 3470 651 3520 Heeeteei
664 3469 716 3518 Mi-

173 3535 247 3587 lesii:
279 3539 407 3588 dubitent
432 3545 523 3589 temen
542 3539 652 3590 Curtius
675 3535 715 3600 (in

173 3607 230 3656 Ien.
249 3607 318 3662 Litt.
336 3609 405 3662 Zeit.
426 3609 501 3660 1843.
518 3624 558 3658 ατ.
577 3609 634 3660 199.
649 3621 713 3672 pag.

173 3676 236 3740 448)
262 3683 291 3728 et
313 3677 415 3728 Herold
441 3677 481 3742 (in
501 3678 630 3728 Miinchn.
654 3677 713 3727 Get.

148 3794 152 3802 ,
172 3747 258 3795 Anne.
273 3748 348 3798 1813.
362 3763 424 3810 pop.
435 3747 486 3798 2:38
496 3747 601 3812 τεηομ),
617 3748 715 3812 quibus

173 3813 240 3864 haec
265 3817 410 3880 inscriptio
435 3817 470 3866 ed
491 3821 613 3880 tempore
637 3815 716 3880 longe

172 3885 326 3948 posteriore
340 3886 476 3950 pertinere
491 3885 609 3936 ridetur.

341 4055 407 4107 Cer.
426 4055 547 4108 cxxvl.

201 4149 220 4225 ἡ
230 4159 346 4224 πλείστη
357 4154 454 4226 γνοίμη
466 4147 513 4225 ἦν]
527 4159 543 4206 i.
551 4173 573 4209 e.
581 4157 716 4221 Arr'stepo-

173 4245 221 4280 νοτ
235 4235 358 4281 sententio
375 4233 403 4282 ot
416 4233 566 4294 potissimum
576 4229 715 4292 spectabat,

174 4315 204 4348 eo
217 4302 324 4350 inanime
338 4302 484 4352 inclinabat.
508 4301 552 4348 Ite
562 4295 714 4360 Schtrcigtr.

99 4380 104 4388 ·
174 4371 203 4418 in
217 4371 283 4419 Lex.
301 4370 404 4420 Herod.
422 4371 511 4421 ettam
528 4369 558 4430 l,
576 4367 633 4418 120.
653 4367 715 4430 vn,

768 2721 817 2756 coe
828 2705 959 2770 Cylonieo
970 2711 1078 2769 tempus
1090 2706 1118 2753 in
1130 2704 1173 2757 01.
1183 2705 1311 2756 LXXVII

766 2781 815 2826 ent
829 2777 966 2841 sequentis
979 2776 1086 2824 initium
1099 2775 1228 2837 incurrit,
1247 2773 1311 2824 hinc

766 2847 943 2910 Aristagorae
964 2853 991 2894 et
1011 2847 1141 2894 comitum
1157 2850 1264 2908 strages
1284 2846 1311 2894 in

768 2915 811 2965 01.
825 2915 909 2964 LXX.
944 2915 1023 2966 Conf.
1044 2914 1126 2964 Diod.
1143 2913 1212 2974 xn,
1231 2913 1265 2963 98
1284 2918 1312 2964 et

768 2985 873 3038 Cereio.
893 2985 971 3036 Feet.
990 2985 1048 3034 Att.
1067 2999 1092 3047 p.
1111 2984 1168 3034 18-1.
1185 2983 1309 3032 Τ.111.“

772 3057 809 3105 W
813 3057 916 3104 esselr'
923 3068 967 3116 up.
1002 3052 1156 3102 Lsrchcrue
1171 3052 1223 3102 hoc
1238 3059 1312 3103 retn-

766 3123 799 3173 lit
814 3123 850 3172 ed
864 3137 928 3171 nnn.
938 3122 990 3172 498
1004 3137 1031 3174 ει.
1044 3122 1106 3172 Chr.
1121 3138 1148 3172 n.
1162 3137 1184 3171 s.
1200 3121 1308 3186 Olymp.

766 3192 849 3253 Lxx,
859 3191 885 3251 ³,
896 3192 978 3255 idque
993 3196 1076 3250 recte,
1085 3197 1115 3240 ut
1125 3191 1190 3239 mihi
1202 3191 1310 3256 quidem

766 3259 888 3311 videtur:
922 3275 1010 3324 nequo
1035 3259 1180 3310 admodum
1205 3261 1268 3310 indo
1291 3261 1311 3308 ii

768 3329 949 3389 dissentiunt,
968 3329 1015 3392 qni
1028 3329 1071 3378 vel
1086 3345 1185 3378 annum
1201 3329 1252 3380 497
1269 3328 1311 3392 (ut

767 3398 975 3448 Weissenborn:
992 3397 1088 3448 Helles
1101 3413 1162 3462 psg.
1178 3399 1234 3448 127.
1250 3396 1311 3461 139)

766 3467 810 3516 vel
824 3481 923 3515 entium
934 3467 986 3516 499
997 3475 1117 3531 porrunt3
1136 3467 1216 3517 modo
1232 3482 1265 3516 ne
1276 3467 1311 3516 sd

766 3552 867 3587 annum
885 3535 934 3586 591
956 3537 1123 3601 regredieris
1142 3551 1202 3586 eum
1221 3537 1310 3586 Corsi·
1403 3587 1405 3590 ⁴

767 3607 812 3656 nio
835 3610 883 3654 ent
903 3605 938 3654 nd
962 3621 1063 3655 annum
1084 3606 1136 3656 499
1158 3605 1309 3657 descendes

766 3691 826 3726 oum
850 3675 986 3724 Clintono.
1020 3676 1083 3726 vid.
1102 3675 1308 3728 Weissenborn.

766 3744 817 3794 1.1.
839 3750 866 3794 et
886 3744 922 3796 of.
942 3746 1024 3793 etiam
1043 3745 1168 3795 Kleinert
1186 3747 1229 3794 in:
1249 3745 1310 3793 Bei-

767 3818 844 3878 trtige
857 3829 890 3864 zu
902 3811 954 3862 den
966 3813 1084 3880 theolog.
1097 3812 1307 3864 Wissenschott.

766 3899 820 3934 von
833 3885 947 3948 [torpet.
960 3884 998 3932 ΙΙ.
1014 3900 1076 3950 pag.
1091 3882 1139 3934 198
1153 3897 1229 3947 seqq.
1254 3882 1309 3930 ΙΙο-

766 3952 863 4002 rodoto
876 3952 964 4002 locum
976 3953 1048 4002 hune
1067 3953 1207 4016 cognitum
1222 3950 1308 3998 fuisse

766 4021 880 4084 colliges
895 4037 928 4072 ex
940 4022 1006 4084 vn,
1023 4023 1085 4082 114,
1101 4021 1148 4085 qoi
1162 4018 1232 4084 quot
1245 4018 1308 4065 Am-

766 4091 887 4156 phipolin
904 4107 958 4140 non
970 4093 1091 4150 vocarit,
1109 4089 1137 4137 irl
1149 4087 1211 4136 inde
1225 4084 1309 4148 expli-

767 4161 897 4226 candum,
913 4161 984 4226 quod
997 4160 1095 4209 haecce
1110 4155 1175 4206 urbs
1190 4154 1309 4204 celeber-

766 4232 837 4280 rime
861 4247 933 4280 nono
953 4230 1004 4280 437
1027 4244 1051 4280 a.
1071 4227 1133 4276 Chr.
1155 4241 1181 4274 n.
1201 4224 1307 4273 demum

767 4306 906 4352 exstructo
924 4304 980 4349 est:
1009 4313 1062 4362 quo
1084 4302 1205 4360 tempore
1222 4295 1308 4344 Hero·

767 4369 848 4421 dotus
868 4369 984 4420 Greecit
1007 4367 1102 4418 relicte
1120 4365 1231 4415 Thuriis
1253 4365 1306 4414 iem

1045 4448 1108 4510 15*
