3002 4972
550 327 730 390 ERATO·
755 329 811 392 VI.
835 339 877 396 19.
899 339 942 394 20.

1255 333 1316 396 247

181 505 243 594 μέν
257 507 292 574 οί
302 507 444 582 πλεῦνες
459 503 646 572 ἐκτείνοντο
660 497 726 572 όπό
740 507 809 572 τοῖν
818 505 979 591 Περσίαν
993 500 1119 574 ἐόντων
1133 511 1315 594 κομητέων,

180 621 338 696 γυναῖκες
352 605 389 676 δέ
405 605 461 674 καί
481 606 580 674 τείινα
601 609 638 676 ἐν
653 602 878 692 ἀνδραπόδων
896 607 985 698 λόγῳ
1001 609 1168 693 ἐγίνοντο,
1189 607 1265 697 ίρόν
1278 611 1316 680 δὲ

179 709 217 781 τό
232 715 269 781 ἐν
281 709 480 797 Διδύμοισι,
495 703 513 777 ὁ
532 707 609 796 νηός
626 734 662 777 τε
677 710 731 778 καί
746 707 783 779 τό
798 707 1013 799 χρηστήριον,
1034 714 1227 799 συληθέντα
1240 716 1312 782 ἐνε-

181 822 358 903 πίμπρατο.
388 817 457 880 τοῖν
476 809 509 880 δ’
531 813 569 880 ἐν
583 816 630 905 τῷ
649 815 711 902 ἱρῷ
731 812 838 906 τούτῳ
858 811 1034 902 χρημάτων
1056 813 1214 896 πολλάκις
1227 815 1312 905 μνή-

181 946 248 1006 μην
269 918 485 1003 detenderet]
505 913 606 1002 λόγου
628 915 844 1004 ἐποιησάμην.
875 915 1053 988 Ἐνθεῦτεν
1067 921 1102 986 oi
1120 919 1360 1006 ζωγρηθέν-λθ

168 1048 235 1102 ’τες
252 1024 321 1090 τῶν
334 1024 514 1106 Μιλησίων
534 1015 654 1107 5701)ῑο
674 1020 707 1098 ἐς
727 1025 853 1088 Σοῦσα.
884 1017 1042 1108 βασιλεύς
1064 1021 1104 1089 δέ
1120 1041 1225 1107 σφεας
1239 1033 1312 1092 Δα-

129 1139 279 1214 trieries
301 1121 407 1192 κακόν
429 1117 532 1191 οὐδὲν
557 1119 639 1191 ἄλλο
661 1119 799 1211 ποιήσας
825 1130 993 1194 κατοίκισε
1020 1123 1075 1193 ἐπί
1100 1128 1141 1212 τῇ
1166 1121 1315 1214 Ἐρυθρῇ

180 1327 228 1387 IV,
244 1325 285 1376 11.
301 1323 363 1385 ΙΙΙ,
376 1325 419 1374 42.
442 1319 484 1370 Ad
497 1321 581 1372 verbo
591 1321 724 1384 γυναῖκες

181 1389 212 1444 di
225 1389 273 1442 καλ
292 1390 377 1442 τέκνα
395 1391 431 1442 ci.
446 1394 515 1443 nott.
531 1392 566 1440 ed
580 1391 663 1452 vul,
678 1391 721 1454 36,

181 1465 215 1515 de
241 1463 362 1514 dictione
385 1451 415 1509 ἐν
439 1450 633 1522 ἀνδραπόδων
650 1455 723 1528 λόγῳ

181 1535 233 1594 ΙΙΙ,
253 1532 308 1582 125.
321 1531 369 1587 ΙΙΙ,
382 1528 426 1581 21.

215 1593 281 1664 {etv
295 1593 326 1649 δὲ
344 1591 375 1648 τό
391 1589 421 1648 ἐν
433 1592 591 1662 Διδύμοις]
617 1597 660 1646 Do
673 1595 724 1647 hoe

181 1671 297 1736 temple.
323 1669 370 1720 ubi
392 1667 606 1720 Branchidarum
629 1682 724 1716 orecu-

179 1742 243 1800 lum,
256 1739 313 1792 vid.
328 1742 398 1790 nott.
415 1736 451 1787 od
465 1737 493 1798 Ι,
504 1735 547 1787 92.
571 1735 725 1800 Distingui-

180 1817 225 1862 tur
238 1810 264 1862 h.
276 1809 294 1860 Ι.
306 1797 466 1868 interiectio
477 1797 722 1870 utqucvuo'c,qune

179 1883 241 1947 ipro
253 1882 296 1930 eut
311 1877 394 1928 ceder
406 1876 457 1927 deo
470 1878 641 1933 consecrato,
658 1889 724 1939 que-

182 1952 204 2002 ri
222 1964 287 2015 porr
306 1948 392 1998 totius
409 1943 504 2008 templi
522 1959 545 1992 ο.
567 1941 619 1991 τοῦ
634 1935 722 2004 iecori,

180 2035 232 2086 quo
256 2019 343 2068 omnir
369 2030 434 2066 uren
452 2014 504 2063 deo
522 2011 648 2063 dedicato
666 2027 721 2062 uno

180 2105 240 2142 cum
255 2087 368 2137 oedibus
385 2087 413 2134 iu
426 2100 459 2134 eu
473 2082 621 2133 exstructis
637 2082 722 2130 curui-

180 2175 231 2223 quc
246 2156 350 2207 ambitu
363 2153 509 2204 indicetur.
533 2149 595 2200 Vid.
612 2150 722 2215 Thucy-

180 2229 234 2280 did.
251 2228 285 2288 V,
303 2227 343 2276 18.
356 2224 408 2284 IV,
422 2223 456 2274 90
473 2220 578 2284 (ibique
592 2219 718 2283 Duker),

180 2298 246 2358 elio,
264 2310 333 2360 quoe
347 2291 441 2344 attulit
452 2289 584 2342 Valcken.
601 2290 634 2338 ud
646 2289 673 2338 h.
690 2287 718 2351 1.,

179 2367 242 2428 ubi,
261 2363 333 2429 quod
352 2360 530 2427 distinguitur
550 2349 720 2423 varientque

178 2431 359 2502 χρηστήριον,
376 2431 438 2494 hee,
454 2430 562 2492 opinor,
579 2427 612 2478 de
628 2429 721 2478 interi-

180 2505 220 2555 ori
233 2503 319 2568 ipsius
333 2497 478 2564 eedie(rod
489 2495 574 2562 νηοῦ)
588 2502 666 2562 perte
679 2501 720 2546 ut·

180 2591 230 2640 que
246 2571 331 2628 coilo.
344 2571 391 2622 ubi
405 2569 472 2620 deur
487 2567 586 2620 edebat
600 2567 718 2626 eruente,

180 2641 397 2706 intelligendum.
442 2641 486 2690 Ite
511 2652 616 2702 quoquc
645 2637 720 2700 cepit

179 2711 463 2776 Schweighaeuseruc.
499 2707 542 2756 Do
563 2707 719 2756 discrimine

179 2783 250 2832 inter
260 2773 337 2842 ἶερόν
347 2783 427 2844 etque
436 2769 504 2840 νηόν
513 2775 567 2825 vid.
576 2780 645 2828 nott.
654 2775 690 2826 ed
697 2775 720 2836 1,

181 2851 239 2903 199.
255 2851 293 2913 ΙΙ,
304 2850 347 2902 63.
359 2847 392 2899 ot
403 2846 464 2900 eoli.
477 2845 520 2899 91.
537 2847 596 2898 155.
622 2845 661 2896 hc
673 2845 720 2896 be·

179 2937 214 2972 ne
228 2918 385 2970 Herodoteo
399 2917 451 2966 hee
466 2915 526 2966 leco
540 2915 625 2965 utitur
638 2931 655 2964 u
669 2916 717 2966 Gr.

178 2989 306 3040 loudntno
322 2985 464 3037 Thiorsch.
484 2983 588 3049 Epoch.
608 2986 635 3036 d.
652 2983 718 3034 biid.

179 3062 277 3110 Kuuet.
290 3071 352 3121 pag.
362 3058 412 3106 145
425 3056 468 3106 ed.
477 3054 569 3116 ulter,
580 3055 649 3104 bene
663 3069 720 3102 rno-

178 3126 397 3190 nene,dietingui
409 3125 479 3174 inter
489 3114 567 3184 Ιερόκ
580 3123 639 3188 (den
651 3123 720 3172 heiti-

176 3214 225 3264 μιν
235 3194 342 3261 Bczirir)
356 3198 384 3244 et
394 3192 466 3256 νηόν
479 3192 538 3258 (deu
549 3191 668 3257 Tempel),
680 3194 719 3240 ite

178 3272 210 3317 nt
219 3281 286 3317 voce
296 3257 373 3326 [redo
380 3263 516 3314 indicetur
525 3261 601 3312 iocus
612 3261 717 3325 amplus

180 3351 272 3396 nocer,
289 3333 436 3392 aedificiis,
453 3330 619 3396 porticibus,
634 3330 717 3391 fenis,

177 3405 261 3466 lucis,
288 3403 360 3454 ereis
382 3401 502 3468 repictus
525 3402 640 3465 ipsoque
659 3413 718 3448 oro-

179 3473 240 3526 culo
253 3479 280 3524 et
292 3471 369 3535 aede,
402 3487 453 3521 true
467 3475 581 3521 vocetur
594 3459 673 3532 νηός.

214 3489 592 3606 σοληδένιαένεπίμπματο]
620 3537 720 3602 „Veri-

177 3616 201 3665 io
217 3612 287 3663 loeis
307 3611 406 3662 Strabo
431 3625 448 3660 a
466 3609 556 3659 Xerxe
579 3609 719 3658 incensum

178 3682 380 3748 spoliatumque
396 3679 561 3730 Branchidis
587 3676 719 3726 adiutori·

178 3753 230 3803 bur
255 3749 395 3802 oraculum
418 3747 553 3812 perhibet,
576 3745 720 3798 Callisthe-

179 3815 719 3949 ithtt‘trttih‘tttfi”titti

179 3962 230 4011 814
243 3963 270 4010 et
284 3959 356 4010 XIV.
370 3973 433 4023 μσς.
446 3956 494 4008 ott
511 3971 532 4006 ε.
544 3955 605 4008 1134.
632 3953 720 4004 Curtii

180 4029 274 4081 codem
288 4028 377 4078 tendit
392 4024 582 4088 uerrutieVII,
597 4025 613 4074 5
626 4027 654 4074 et
669 4024 720 4074 Ac-

774 1340 806 1375 ox
823 1323 1105 1377 Graecieredeuntenr
1125 1321 1168 1388 (id
1188 1325 1258 1390 quod
1272 1325 1314 1377 iu·

774 1398 847 1444 etum
861 1409 933 1444 enno
947 1393 1010 1458 4711)
1022 1393 1200 1458 Didymueum
1214 1397 1314 1460 compi·

773 1464 846 1514 laone
862 1469 945 1526 etque
966 1463 1099 1514 evertisse
1118 1462 1314 1516 adiuvantibus

773 1532 950 1592 Branchidis,
973 1532 1020 1596 qui
1037 1531 1128 1596 patrio
1142 1531 1204 1582 rode
1218 1532 1315 1584 relicte

774 1618 861 1652 novun
873 1601 1044 1666 inSogdieno
1055 1601 1213 1665 occeperint
1225 1603 1313 1667 sedes,

774 1688 791 1721 o
805 1687 868 1737 rege
889 1671 1015 1730 inviteti3
1036 1671 1202 1722 Herodotum
1225 1671 1250 1722 si
1267 1687 1314 1723 au·

774 1740 1076 1803 diurnnr,1)idyrnaeunr
1091 1740 1210 1791 uPereis
1226 1742 1313 1792 vieto-

772 1811 858 1872 ribuo,
874 1814 1005 1870 regnante
1019 1809 1114 1870 Durio,
1130 1825 1203 1860 enno
1217 1811 1268 1861 coe
1284 1827 1311 1865 o.

772 1879 836 1930 Chr.
852 1895 878 1928 n.
903 1879 950 1944 (ut
969 1879 1004 1928 ud
1017 1879 1071 1940 VI,
1090 1879 1121 1929 18
1141 1880 1311 1946 monuimus)

771 1948 918 2014 spoliatum
936 1951 964 1998 et
979 1947 1148 1998 combustum
1162 1955 1213 2002 ert.
1245 1949 1312 2000 Cum

771 2033 836 2068 vero
852 2020 899 2069 vix
920 2016 1049 2068 credibile
1066 2018 1121 2079 rit,
1139 2023 1195 2068 torn
1213 2020 1311 2084 exiguo

770 2087 876 2152 aliquot
888 2101 1019 2137 annerum
1031 2086 1121 2150 spatie
1133 2087 1176 2136 bio
1189 2087 1259 2138 idem
1272 2088 1312 2138 io-

770 2161 843 2207 ctum
858 2171 926 2212 οεεε,
943 2170 1029 2220 neque
1042 2154 1125 2204 nilum
1139 2155 1213 2206 eliud
1228 2158 1312 2207 recti-

769 2227 842 2291 gium
856 2225 936 2276 huiuu
946 2225 985 2274 rei
996 2229 1163 2288 compareat,
1178 2225 1310 2276 moiuntur

769 2295 866 2360 utique
900 2294 935 2344 ob
961 2293 1095 2343 Herodoti
1122 2297 1200 2358 porto
1227 2299 1312 2357 utare,

770 2379 851 2430 quum
864 2362 1012 2414 Aioxoudri
1028 2361 1159 2412 historice
1172 2363 1311 2428 scriptori·

769 2435 820 2485 bor
833 2433 913 2483 fidem
923 2432 1062 2498 praebere,
1074 2446 1142 2496 quoe
1153 2436 1184 2481 ut
1197 2435 1224 2482 in
1238 2432 1311 2494 eliis,

769 2506 811 2554 ito
828 2504 854 2552 io
869 2502 920 2554 hec
934 2515 1041 2567 queque
1063 2517 1091 2551 re
1110 2499 1203 2565 topace
1218 2507 1267 2552 out
1283 2503 1312 2552 in

770 2589 887 2624 errorem
905 2572 1032 2622 inductor
1051 2585 1111 2622 eece
1132 2574 1214 2634 puto,
1233 2576 1263 2621 ut
1284 2573 1312 2622 in

770 2645 884 2693 Xerxem
895 2642 1059 2702 conferrent,
1068 2639 1139 2704 quod
1147 2639 1254 2705 aliquot
1264 2657 1312 2691 on-

769 2714 812 2762 nis
824 2711 981 2762 onteDurio
994 2712 1125 2774 regnante
1139 2709 1192 2759 iarn
1205 2709 1312 2761 occide-

769 2787 820 2832 rat.
851 2781 912 2832 Vid.
925 2781 1124 2830 Weotormunn.
1147 2779 1175 2828 in
1190 2781 1265 2831 Part.
1282 2779 1311 2830 ΙΙ

769 2852 920 2902 comment.
940 2851 973 2899 de
994 2847 1160 2898 Ouilisthene
1180 2847 1310 2912 Olynthio

769 2917 1104 2973 etPceude-Celliothene
1120 2921 1172 2968 cte.
1186 2917 1309 2982 (Lipsiae

772 2990 850 3056 1842)
870 3005 933 3053 μσς.
954 2989 986 3038 17
1005 2991 1032 3038 ot
1044 2986 1151 3038 Urlichs
1170 2987 1198 3038 in
1211 2987 1308 3038 Rheiu.

768 3063 839 3110 Mur.
853 3061 885 3110 N.
899 3060 931 3109 F.
941 3059 974 3108 X.
987 3073 1049 3122 urg.
1063 3058 1078 3106 7
1093 3071 1171 3121 seqq.

804 3117 923 3190 ἑτέρωθι
944 3125 996 3175 τοῦ
1014 3117 1118 3190 λόγου]
1145 3125 1207 3178 Vid.
1221 3125 1250 3188 Ι,
1265 3125 1308 3176 91.

769 3199 806 3260 ΙΙ,
822 3197 879 3250 159.
895 3197 928 3257 V,
942 3195 985 3247 36.
1005 3195 1167 3254 Pannonios,
1180 3196 1258 3244 cuiue
1270 3195 1310 3245 lo-

769 3284 829 3318 cum
843 3265 938 3316 ottuiit
949 3263 1126 3325 Volaterrae,
1138 3264 1177 3324 X,
1193 3263 1235 3315 33.
1255 3268 1278 3328 5.
1295 3265 1306 3314 1

769 3336 935 3387 Milesiorum
952 3333 1052 3384 excidii
1069 3347 1182 3382 consum
1195 3331 1247 3384 reli
1261 3333 1311 3384 Hi·

768 3407 856 3456 otiuco
870 3405 996 3468 imputet.

970 3569 1035 3623 Cur.
1048 3571 1107 3622 XX.

804 3668 894 3723 κακὸν
910 3665 995 3723 οὐδὲν
1008 3661 1075 3724 ἄλλο
1089 3665 1221 3738 ποιήσας]
1244 3675 1309 3740 Spe-

769 3749 848 3796 ctant
858 3745 927 3794 hoec
942 3743 977 3793 ed
993 3758 1040 3806 eo,
1058 3759 1128 3810 quoe
1141 3744 1254 3794 Ionibus
1269 3761 1309 3795 re-

769 3813 886 3866 bellibus
906 3813 978 3879 regio
994 3813 1076 3863 ducee
1093 3813 1213 3862 minitati
1232 3817 1310 3863 erunt

769 3883 862 3944 V1,9.
888 3885 1008 3946 Quorum
1028 3882 1095 3932 nihil
1115 3899 1162 3934 rex
1181 3883 1263 3944 feeit,
1281 3882 1309 3932 id

771 3955 839 4004 sotis
851 3953 964 4015 bobeno,
976 3957 1008 4002 ut
1017 3951 1139 4003 Milesion
1153 3967 1200 4015 pro
1213 3953 1310 4001 Perce-

771 4039 828 4074 rum
839 4039 911 4074 rnore
922 4023 950 4072 in
959 4021 1027 4072 ulios
1036 4019 1118 4086 longo
1127 4025 1245 4070 remotae
1255 4019 1309 4068 die·

179 4101 249 4150 lieni
263 4098 337 4160 opud
350 4096 463 4149 Suidem
478 4095 521 4162 [T.
537 4093 559 4142 1.
572 4110 598 4159 p.
614 4093 676 4159 453]
691 4093 721 4142 in
771 4092 868 4146 cedere
881 4093 984 4144 iuberet
998 4091 1137 4155 regiones,
1157 4089 1247 4153 putrio
1261 4087 1309 4136 nb-

183 4165 346 4232 Βηαηηίδαι.
372 4165 443 4228 Quid
456 4165 512 4216 iliis
527 4162 584 4224 fiet,
601 4177 685 4215 verax
697 4163 721 4213 εἰ
771 4165 868 4214 ductos
879 4161 948 4224 rob,
961 4162 1053 4227 prouti
1066 4160 1148 4210 ducor
1162 4157 1215 4208 illie
1229 4159 1309 4208 erent

181 4235 490 4288 aucterHeredotus?“
525 4233 718 4296 Wercetr'ny.

771 4232 869 4284 minuti
878 4231 925 4294 v1,
934 4231 960 4281 9.

181 4307 307 4358 't'rodnnt
322 4307 447 4357 nimirum
459 4305 490 4355 hi
501 4304 659 4368 scriptores,
674 4302 721 4367 qni
805 4297 948 4351 κατοίκισε
964 4314 990 4350 ιι.
1003 4311 1027 4348 τ.
1040 4295 1075 4362 1.]
1098 4298 1198 4348 Voccrn
1211 4294 1307 4344 καλεο-

182 4377 374 4428 Callisthenem
395 4375 484 4428 renuti
508 4377 586 4436 eunt,
605 4373 720 4424 Xerxem

771 4364 850 4438 με’νη,
863 4386 944 4438 quem
959 4363 1309 4434 ignorantMcdicour,Flo-
